3422 5406
1267 429 1304 490 21

164 578 219 632 'et
238 568 406 633 Frobenio
438 569 470 631 in
500 567 640 637 editione
665 589 798 650 operum
823 569 954 631 Alcuini
979 569 1142 654 vulgatas,
1176 567 1304 632 nonnisi

184 681 398 774 fragmentum
421 680 504 762 epici
528 679 675 743 carminis
698 683 737 741 ad
756 701 814 744 nos
830 679 973 757 devenit,
997 681 1150 766 quodhic
1166 680 1304 762 primum

184 792 310 856 arictori
332 815 389 856 suo
411 791 604 855 vindicatur.
651 791 809 875 Vulgavit
825 792 858 854 id
873 791 1021 857 Carisius
1035 794 1133 856 Tem.
1148 793 1196 856 ΙΙ.
1235 793 1305 857 Au-

181 903 290 989 tiquae
312 902 459 968 lectionis
483 920 560 988 pag.
583 905 644 968 521
673 925 715 966 ex
748 903 860 967 codice
897 902 1115 968 bibliothecae
1155 907 1190 968 S.
1219 903 1306 968 Galli

182 1017 370 1081 ann01823
402 1039 498 1102 quum
528 1038 678 1098 praesens
707 1015 739 1078 in
766 1039 834 1078 eum
863 1015 1057 1100 inquirerem
1081 1039 1146 1079 non
1171 1016 1304 1098 amplius

182 1129 384 1210 superstite,
403 1141 434 1192 et
461 1129 600 1220 Alcuino
628 1127 818 1210 adscripsit,
854 1127 1024 1213 quamvis,
1059 1140 1093 1191 ut
1126 1129 1304 1214 Basnagius

182 1253 271 1304 recte
291 1243 460 1316 observat,
495 1262 621 1303 camnen
647 1263 664 1302 a
686 1252 766 1302 teste
790 1241 920 1305 oculato
949 1239 1107 1327 colloquii
1131 1241 1248 1306 Karoli
1274 1253 1306 1304 et

184 1353 306 1416 Leonis
324 1374 354 1414 a.
376 1355 435 1418 799
456 1353 608 1415 celebrati
628 1353 859 1434 compositum,
883 1375 942 1416 nec
958 1353 1099 1418 Alcuino
1118 1353 1305 1417 Turonibus

186 1465 369 1549 aegrotanti
403 1477 434 1529 et
464 1465 527 1527 iter
565 1462 710 1527 Italicum
741 1464 926 1546 deprecanti
962 1465 1064 1528 tribui
1096 1477 1207 1550 queat,
1245 1487 1307 1529 neo

183 1576 358 1660 Hilperieo
391 1579 550 1642 monacho
585 1577 784 1662 Sangallensi
815 1578 924 1642 seculo
953 1580 999 1641 X.
1028 1577 1176 1659 florenti,
1215 1577 1304 1640 cuius

183 1711 299 1755 nomen
323 1689 468 1757 Carisius
496 1689 528 1752 in
552 1689 762 1771 inscriptione
784 1689 908 1753 codicis
931 1690 1077 1754 obsoleta
1102 1686 1165 1752 sibi
1188 1692 1303 1772 depre-

182 1802 330 1867 hendisse
364 1802 545 1866 videbatur.
600 1804 663 1865 Sed
691 1804 803 1864 ductus
833 1783 899 1866 eius
931 1805 1091 1867 obscuros
1126 1824 1184 1865 nec
1216 1800 1303 1884 typis

182 1913 302 1978 nostris
327 1914 420 1997 plane
439 1914 666 1996 exprimendos
689 1906 1114 2000 (videsuprasquianimo
1136 1913 1301 1998 oculisque
1388 1959 1390 1964 ,

181 2027 291 2109 paullo
311 2023 536 2122 intentioribus
551 2025 728 2108 inspexerit
744 2026 983 2112 Anghelpertus
1003 2027 1051 2088 vel
1065 2026 1305 2110 Engbelpertus

181 2139 337 2223 legendos
369 2161 436 2201 esse
465 2137 560 2201 facile
590 2116 813 2214 confitebitur,
848 2163 944 2224 quum
964 2151 994 2203 et
1015 2139 1047 2200 iu
1074 2139 1221 2201 ductibus
1241 2137 1304 2202 illis
1365 2125 1367 2136 ¹

183 2274 297 2328 unuin,
335 2274 400 2316 non
425 2255 488 2334 duo
511 2251 638 2326 nomina
665 2252 764 2314 latere
783 2262 814 2312 ct
834 2251 1047 2332 posteriorem
1072 2263 1196 2341 partem
1222 2296 1230 2314 .
1258 2296 1266 2313 .
1293 2295 1302 2312 .

184 2365 358 2448 helpertus
381 2364 621 2446 explicandam,
653 2376 683 2427 et
705 2362 899 2426 anteriorem
920 2365 1088 2446 obscuram
1111 2362 1226 2438 fuisse,
1258 2363 1304 2426 la·

188 2499 267 2538 cuna
290 2477 373 2540 inter
398 2479 471 2550 „r”
495 2488 525 2538 et
550 2477 623 2550 „h”
648 2475 746 2539 obvia
769 2474 843 2536 satis
867 2456 998 2537 indicet.
1045 2473 1178 2537 Cuinam
1201 2485 1304 2538 autem

186 2632 197 2652 .
225 2633 265 2651 ..
289 2592 442 2672 laelpert'o
465 2587 591 2670 epicum
618 2592 656 2650 de
685 2586 812 2652 Karolo
839 2589 967 2672 Magno
999 2608 1126 2649 carmen
1154 2583 1304 2650 libentius

183 2700 353 2776 tribueris,
377 2722 469 2784 quam
495 2699 540 2775 ei,
576 2722 668 2784 quem
689 2721 749 2762 rex
768 2702 947 2762 Homerum
971 2721 1059 2761 suum
1083 2720 1202 2764 vocare
1225 2721 1304 2764 con·

185 2825 351 2888 sueverat,
376 2812 627 2897 Anghelperto?

249 2925 412 3010 Quicquid
434 2925 488 2987 alii
506 2923 578 2988 inde
594 2924 744 3000 sentiant,
768 2925 848 2987 baec
860 2923 1042 2989 Niebuhrio
1059 2947 1130 2988 meo
1146 2923 1305 3007 placitura

183 3038 328 3102 confido.
374 3039 418 3099 Et
441 3037 688 3112 animadvertet,
720 3040 848 3122 quando
872 3037 1014 3100 lecturus
1034 3048 1099 3112 est,
1134 3035 1185 3099 vir
1210 3059 1303 3122 saga·
1333 3011 1335 3020 Α

184 3149 345 3226 cissimus,
371 3169 497 3211 carmen
519 3147 622 3231 ipsum
648 3149 725 3212 mibi
747 3147 911 3211 adsentiri.
957 3151 1011 3212 Ex
1032 3148 1108 3212 liliis
1130 3149 1213 3212 enim
1236 3151 1304 3214 Ka-

184 3261 251 3325 roli
269 3261 443 3344 Pippinus,
468 3283 508 3324 ex
530 3260 656 3323 filiabus
675 3263 773 3324 Berta
793 3261 939 3324 laudibus
960 3264 1153 3338 efferuntur,
1177 3237 1258 3347 quae
1274 3274 1305 3326 et

185 3373 319 3436 amicum
343 3377 501 3457 produnt,
524 3384 555 3436 et
579 3395 688 3437 sacros
708 3373 815 3437 mariti
833 3373 924 3459 ignes
946 3375 1044 3437 latere
1067 3395 1133 3438 non
1157 3373 1274 3438 sinunt.

249 3485 441 3550 Anteriorcs
469 3488 549 3548 duos
578 3487 687 3567 operis
716 3486 820 3552 libros
847 3486 1022 3562 excidisse,
1057 3508 1167 3549 versus
1192 3485 1305 3549 tertius

186 3610 382 3684 quartusque
400 3597 558 3690 indicant,
582 3598 614 3660 iu
629 3600 692 3662 line
707 3597 836 3662 secundi
852 3610 964 3681 postea
989 3621 1040 3662 res
1057 3596 1201 3680 Orientis
1221 3598 1304 3660 ceci·
1330 3635 1332 3643 ι
1380 3633 1387 3647 κ

188 3706 350 3792 uerat(ch
363 3733 450 3774 vers.
467 3712 508 3772 10
519 3740 552 3758 ν-
566 3712 647 3790 12).,
671 3713 741 3774 Nec
755 3711 852 3774 tertio
865 3710 951 3774 libro
965 3732 1092 3773 carmen
1108 3709 1304 3775 absolvitur.
1389 3710 1392 3724 '

253 3825 290 3887 In
306 3825 428 3886 edendo
447 3844 546 3904 opere
563 3821 725 3888 Canisium
744 3833 889 3898 secutus,
912 3813 1012 3906 pauca
1031 3820 1128 3896 vitia,
1150 3822 1304 3886 maiorem
1327 3877 1330 3886 ,

188 3946 311 4019 partem
326 3933 394 3996 iam
417 3934 549 4016 abipso
571 3933 604 3997 in
625 3934 768 4019 margine
788 3944 952 4010 correcta,
977 3933 1107 4010 sustuli,
1137 3946 1168 3997 et
1193 3933 1304 3998 distiu-

190 4046 313 4112 ctiones
335 4024 491 4110 sermonis
516 4047 665 4124 omissas,
689 4050 744 4111 sed
762 4069 917 4132 perquam
938 4046 1149 4123 necessarias,
1172 4045 1304 4110 inserui.

190 4157 368 4242 Basnagius
388 4159 421 4221 in
444 4158 543 4221 altera
559 4159 749 4223 Lectionum
769 4159 981 4244 Antiquarum
1005 4157 1160 4234 editione,
1184 4170 1305 4220 textum

189 4271 258 4333 fere
273 4270 422 4332 int'aetum
439 4269 630 4355 reliquerat,
652 4271 809 4334 Chesnius
827 4275 934 4334 Tomo
952 4271 1000 4333 II.
1019 4294 1054 4352 p.
1069 4271 1141 4332 188.
1167 4269 1305 4352 Scriptt.

190 4384 310 4448 Franc.
325 4380 487 4447 Cauisium
510 4395 657 4466 repetens
677 4405 777 4466 pauca
800 4385 912 4446 menda
934 4381 1029 4445 tacite
1053 4380 1192 4478 sustulit,
1216 4384 1306 4446 Bou-
