3422 5406
195 537 277 598 Tam
301 534 419 597 clarum
442 532 592 620 ingenio,
617 533 737 598 meritis
760 553 852 618 quam
877 532 981 594 clarus
1005 527 1121 612 opimis

194 646 314 732 Fulget
336 646 369 709 in
390 649 480 718 orbe
494 658 625 729 potens,
648 651 788 730 prudens
810 640 1008 730 gnarusque,¹
1034 645 1213 716 modestus,

194 759 352 834 Inluster,
365 757 497 834 tacitis,
521 759 653 834 doctus,
674 762 799 838 bouus,
821 769 931 839 aptus,
954 758 1123 829 honestus,

195 869 308 947 Mitis,
331 870 541 954 praecipuus,
564 870 682 965 iustus,
704 869 792 952 pius,
814 868 943 932 inclitus
966 869 1082 943 heros,

147 1031 151 1041 ,
193 983 287 1059 Rex,
310 994 441 1060 rector,
467 986 665 1046 venerandus
683 1003 781 1064 apex,
805 993 974 1068 augustus,
999 978 1141 1064 opimus,

193 1093 332 1158 Arbiter
353 1095 504 1180 insignis,
525 1095 641 1172 iudex,
665 1094 834 1158 miserator
853 1115 1004 1178 egenum,
1271 1091 1315 1153 65

196 1206 374 1283 Pacificus,
397 1209 522 1293 largite,
546 1207 649 1272 solers
668 1206 859 1293 hilarisque,
883 1215 1046 1270 venustus.

196 1318 432 1386 Grammaticae
455 1323 582 1388 doctor¹
596 1331 722 1384 constat
742 1317 945 1404 praelucidus
968 1316 1065 1392 artis;

196 1431 296 1495 Nullo
321 1453 458 1517 unquam
481 1431 587 1496 fuerat
609 1444 673 1496 tam
698 1434 801 1496 clarus
826 1435 973 1514 tempore
997 1430 1121 1506 lector3

199 1532 378 1608 Rethorica
400 1543 533 1629 insignis
557 1556 685 1630 vegetat
706 1557 900 1628 praeceptor
921 1543 954 1607 in
975 1553 1062 1618 arte3

195 1657 341 1719 Summus
365 1677 448 1738 apex
470 1675 600 1741 regum,
623 1679 759 1728 summus
783 1679 912 1742 quoque
933 1655 966 1720 in
985 1658 1066 1720 orbe
1080 1653 1232 1747 sophista)
1270 1655 1310 1716 tu
1369 1689 1371 1695 ·

195 1770 312 1833 Exstat
333 1779 363 1831 et
384 1779 513 1843 orator,
536 1769 675 1833 facundo
697 1768 814 1833 famine
833 1768 977 1852 pollens3
1169 1753 1170 1764 ἵ

193 1879 311 1944 Inclita
334 1901 409 1942 nam
427 1894 556 1964 superat
576 1881 736 1963 praeclari
757 1881 841 1944 dicta
865 1878 1017 1955 Catonis,

194 1993 309 2056 Vincit
329 2006 361 2057 et
384 1993 505 2078 eloquii
528 2016 676 2078 magnum
702 1992 868 2056 dulcedine
891 1994 1059 2068 Marcum,

195 2105 305 2191 Atque
325 2105 389 2168 suis
411 2103 504 2168 dictis
526 2105 682 2168 facundus
707 2104 792 2168 cedit
811 2107 992 2180 Homerus,

192 2219 237 2282 Et
259 2216 387 2300 priscos
408 2230 537 2300 superat
553 2217 721 2281 dialectica
740 2217 773 2280 in
796 2227 864 2280 arte
882 2216 1067 2304 magistros.

195 2330 357 2409 Quattuor
379 2342 427 2393 ast
449 2330 525 2393 alias
548 2342 632 2394 artes
654 2353 735 2416 quae
757 2328 826 2392 iure
848 2339 1038 2413 sequuntur,

175 2441 361 2508 xDiscernit
383 2442 477 2505 simili
498 2466 606 2507 rerum
626 2443 752 2508 ratione
773 2440 944 2527 magistra3

84 2566 91 2582 ·
193 2554 321 2619 Doctus
345 2554 378 2617 in
400 2557 450 2618 his
475 2554 632 2640 etiamque
652 2558 749 2619 modo
773 2578 833 2619 rex
857 2556 954 2620 floret
976 2557 1101 2619 eodem.

196 2667 292 2730 Solus
314 2665 376 2731 iter
398 2667 512 2730 meruit
536 2666 702 2732 doctrinae
723 2667 894 2751 adipiscier
916 2689 1025 2742 omne,

192 2778 348 2844 Occultas
372 2780 541 2862 penetrare
563 2779 649 2856 vias,
675 2780 826 2862 mysteria
850 2791 964 2844 cuncta

191 2894 315 2969 Nosse,
339 2893 412 2957 Deo
433 2892 546 2959 seriem
572 2894 735 2958 revelante
762 2897 801 2958 ab
824 2893 953 2979 origine
975 2916 1095 2959 rerum.

193 3007 330 3069 Omnem
351 3004 471 3090 quippe
496 3005 580 3090 viam
604 3006 770 3071 doctrinae
794 3006 916 3070 invenit
938 3017 977 3072 ,et
1002 3028 1127 3071 omnem
1177 3031 1179 3036 ·

191 3117 286 3182 Artis
310 3138 445 3200 opaeum
466 3117 585 3194 aditum
608 3131 794 3204 secretaque
814 3119 956 3210 clancula
981 3122 1093 3182 verba.

198 3229 314 3293 Omnia
337 3229 526 3312 solusenim
550 3229 663 3293 meruit
685 3230 756 3313 pius
778 3230 832 3295 ille
851 3232 969 3294 talenta
1029 3281 1031 3286 ,

194 3343 364 3426 Suscipere
389 3355 420 3408 et
442 3342 565 3407 cunctis
587 3342 771 3426 praefertur
793 3343 825 3407 in
849 3355 916 3407 arte
937 3343 1117 3429 magistris:
1279 3346 1319 3410 85

195 3455 327 3522 Scilicet
351 3455 480 3538 imperii
499 3468 533 3518 ut
557 3467 706 3540 quantum
728 3478 788 3519 rex
809 3455 944 3520 culmine
966 3479 1061 3543 reges

194 3567 352 3643 Excellit,
375 3580 495 3631 tantum
519 3567 640 3631 cunctis
662 3568 874 3651 praeponitur
898 3580 980 3633 arte.

126 3755 130 3768 Ι
195 3680 275 3759 Quis
297 3679 420 3762 poterit
441 3679 522 3756 tanti
541 3680 716 3764 praeconia
737 3704 889 3763 promere
919 3681 1026 3768 regis,

196 3791 317 3871 Quisve
336 3803 425 3876 putat
449 3814 594 3857 sermone
617 3793 689 3857 rudi
713 3817 746 3858 se
770 3793 927 3877 principis
951 3806 1022 3858 acta

195 3905 298 3970 Posse
317 3905 465 3981 referre,
489 3927 578 3970 senes
600 3929 697 3992 quum
719 3905 848 3970 vincant
869 3907 975 3971 omnia
998 3909 1109 3974 vates?
1280 3887 1320 3975 llo

195 4018 442 4103 Exsuperatque
466 4040 566 4081 meum
590 4017 753 4104 ingenium
774 4019 963 4083 iustissimus
985 4019 1065 4104 actis

192 4131 267 4193 Reri
286 4131 448 4207 Karolus,
473 4143 567 4212 caput
590 4132 697 4208 orbis,
721 4154 812 4196 amor
834 4131 1011 4217 populique
1031 4121 1208 4219 decusque,

191 4243 345 4324 Europae
366 4246 564 4306 venerandus
589 4265 689 4325 apex,
713 4256 805 4338 pater
826 4242 985 4326 optimus3
1010 4246 1132 4320 heros,

194 4355 382 4439 Augustus:
410 4358 463 4418 scd
484 4368 514 4418 et
536 4359 615 4420 urbe
639 4368 771 4438 potens,
796 4357 850 4420 ubi
871 4359 976 4422 Roma
999 4360 1136 4422 secunda
