3422 5406
1262 450 1301 510 17

182 589 311 653 Etenim
329 591 503 652 monachus
515 549 672 656 eiusmodi
684 586 855 651 Alcuinnm
868 548 1027 673 nunquam
1044 586 1304 651 dilectissimum
1333 649 1335 658 ,

174 701 300 779 filium
332 700 493 792 appellare
524 700 642 784 potuit.
688 698 823 763 Rectius
856 721 937 784 ergo
972 699 1033 761 iam
1060 721 1078 761 a
1101 699 1302 765 Mabillonio

177 813 321 896 ¹epistola
349 813 405 882 illa
429 813 529 876 relata
559 823 606 876 est
635 815 675 874 ad
695 811 898 894 Hilpericum
925 805 1246 887 Grandirallensem‚
1270 821 1305 874 ut

183 947 255 988 eum
277 925 435 1002 nominat,
459 936 493 988 ut
513 924 584 1000 alii,
610 921 848 1009 sangallensem
868 926 1027 1000 Sec.X.,
1058 927 1096 987 de
1121 946 1187 1010 quo
1207 946 1305 1008 supra

185 1059 294 1102 sermo
317 1037 390 1105 suit.

249 1150 362 1238 Quid?
396 1151 423 1214 si
450 1151 607 1214 incassum
636 1153 716 1214 haec
746 1150 851 1214 omnia
879 1148 1139 1232 disputavimus?
1183 1148 1307 1230 Quidni

184 1253 270 1331 enim
293 1262 379 1326 dicat
405 1245 536 1348 aliquis,
572 1267 672 1327 verba
701 1260 835 1329 Codicis
862 1260 968 1326 nostri
984 1259 1084 1352 feeit
1104 1263 1307 1345 Helpericflus

184 1375 348 1457 pertinere
371 1393 443 1439 non
458 1379 498 1439 ad
516 1388 660 1440 nostrum
681 1380 817 1460 poema,
855 1380 910 1440 sed
931 1375 1140 1461 adsElegiam
1154 1377 1201 1466 ¹de
1225 1373 1307 1439 Phi·
1371 1431 1373 1434 .

186 1485 305 1550 lomela
335 1487 484 1569 proxime
523 1489 790 1570 praecedentem?
834 1490 958 1556 Fateor
989 1487 1071 1552 enim
1100 1509 1166 1552 non
1205 1485 1311 1563 minus

186 1597 336 1662 fic'titium
368 1598 447 1662 mihi
473 1599 579 1664 videri
608 1599 685 1663 Iulii
719 1602 847 1685 Sperati
868 1604 915 1666 V.
941 1600 983 1666 C.
1004 1622 1121 1666 nomen
1150 1600 1185 1664 in
1205 1600 1308 1664 altero

188 1711 277 1777 Cod.
302 1711 502 1795 Sangallensi
523 1710 553 1776 ei
574 1711 810 1796 praepositum,
842 1705 934 1800 qua'ni
959 1690 1039 1776 Albi
1060 1711 1173 1778 Ovidii
1191 1713 1310 1776 Iuven-

188 1821 267 1899 tint,
290 1821 412 1887 Leonis
435 1822 663 1890 Protonotarii
685 1824 769 1889 sacri
792 1824 910 1890 Palatii
931 1825 1080 1889 Bizantei
1101 1825 1201 1908 (sic),
1233 1823 1310 1888 alia·

186 1923 253 2022 que
291 1923 325 2012 in
363 1934 513 2000 Goldasti
553 1935 716 2018 opusculis
751 1936 1055 2001 Pseudoovidianis.
1112 1937 1310 2023 Quamquam

190 2059 329 2131 propter
356 2047 460 2129 ipsum
492 2046 694 2111 intervallum
723 2048 807 2112 inter
835 2049 984 2134 Elegiam
1010 2061 1042 2112 et
1064 2047 1311 2132 inscriptionem

192 2157 397 2241 probabilius
420 2158 550 2222 videtur
568 2163 607 2223 ad
624 2171 770 2226 nostrum
798 2182 925 2226 carmen
952 2183 1019 2224 eam
1043 2161 1175 2224 relatam
1203 2183 1271 2224 esse
1294 2184 1312 2225 a

192 2270 368 2354 scriptore.
447 2313 448 2322 ι

223 2452 226 2460 .
256 2383 325 2446 Iam
341 2383 419 2469 quid
434 2407 553 2471 quaeso
570 2397 686 2462 restat,
703 2385 765 2449 nisi
782 2397 816 2448 ut
829 2385 1313 2450 humanaeinfirmitatismemo·
1406 2380 1412 2384 ’

193 2518 246 2560 res
261 2497 418 2561 fateamur
434 2495 589 2560 incertum
606 2520 673 2562 esse
687 2497 830 2573 omnino,
853 2497 925 2583 quis
941 2500 1006 2562 hoc
1028 2520 1154 2561 carmen
1177 2477 1313 2580 compo-

194 2607 316 2673 suerit?
350 2608 459 2694 quiid
482 2609 679 2693 Angilberto
701 2610 858 2685 tribuant,
883 2611 948 2672 hoc
970 2609 1121 2694 precario
1144 2611 1253 2675 facere
1276 2633 1314 2674 ac

190 2719 296 2784 ‘firmis
319 2721 514 2820 argumentis
531 2719 683 2796 destitui3
721 2721 778 2807 qui
798 2722 1010 2805 Helpericum
1038 2723 1175 2810 aliquem
1197 2723 1315 2791 Karoli

196 2834 359 2920 aequalem
390 2835 552 2899 diversum
581 2833 691 2920 utique
714 2845 745 2898 et
774 2834 902 2918 aLupi
930 2834 1261 2919 Hilperico-pictore
1284 2846 1315 2898 et

195 2948 236 3008 ab
259 2945 432 3027 Hilperico
463 2948 622 3010 monacho
653 2946 911 3011 Grandivallensi
939 2948 992 3011 vel
1021 2948 1221 3032 sangallensi
1251 2925 1313 3031 pro

196 3057 360 3140 scriptore
372 3056 468 3122 ¹huius
487 3057 646 3141 poe‘matis
667 3061 822 3134 habeant,
845 3058 1118 3132 verisimiliorem
1142 3081 1232 3136 sane,
1256 3060 1316 3122 etsi

197 3190 263 3232 non
281 3169 369 3248 omni
392 3169 490 3250 dubio
507 3182 665 3261 carentem
687 3171 846 3238 rationem
861 3171 951 3257 sequi
970 3193 1096 3254 proper
1110 3172 1315 3258 qualemcun-

197 3302 259 3367 que
280 3281 502 3358 auctoritatem
523 3282 742 3376 inscriptionis
766 3283 853 3349 Cod.
877 3282 1064 3347 Turicensis
1084 3281 1313 3368 antiquiorem.

198 3396 304 3462 Tuum
335 3396 494 3458 eadere
523 3393 693 3471 iudicium,
730 3395 773 3458 mi
801 3395 997 3482 Lassbergi,
1036 3406 1108 3458 ante
1130 3394 1236 3460 omnia
1259 3416 1315 3458 ex-

197 3515 325 3588 specto.
368 3505 452 3583 Vale
473 3517 507 3569 'et
528 3528 593 3583 me,
622 3519 656 3569 ut
674 3507 772 3584 facis,
797 3529 877 3571 ama.
982 3582 983 3588 ἵ

260 3617 306 3682 D.
331 3617 445 3682 Turici
467 3618 542 3684 Kal.
567 3621 749 3683 Novembr.
775 3641 983 3685 mccccxxxt.
