3422 5406
404 393 443 454 16

827 529 829 534 ’
909 531 1020 647 fef

402 712 510 775 Funus
537 707 572 772 id
602 681 701 786 esset,
735 705 1086 794 neutiquaanurus.
1137 708 1201 786 At,
1235 731 1331 796 quum
1364 707 1521 775 Codicem

401 820 617 886 eruditissimo
638 819 709 885 filio
731 830 807 897 tuo,
839 818 959 902 optime
981 819 1180 906 Lassbergi,
1202 821 1522 904 monstrarem-pri·

401 956 470 997 mus
490 932 533 1009 is,
555 953 619 1018 qua
641 943 688 996 est
711 931 903 1017 sagacitate,
925 931 1093 1018 perspexit
1117 935 1251 997 verbum
1275 944 1521 999 controversum

392 1045 448 1110 ,ita
468 1046 638 1132 legendum
660 1064 729 1109 esse

881 1133 1020 1266 seii

293 1357 295 1360 ·
401 1329 502 1405 unde,
525 1323 770 1411 quodomnium
786 1324 924 1390 maxime
941 1311 1268 1403 consentaneumest,
1287 1325 1373 1391 ultro
1388 1321 1518 1409 prodit:

679 1469 830 1606 tecit
885 1451 1202 1614 Helpcricusx.

401 1661 465 1724 Sed
487 1659 631 1746 quisnam
646 1659 706 1726 istc
721 1658 898 1741 Karolinae
917 1659 1029 1726 aetatis
1049 1662 1266 1747 Helpericus?
1309 1663 1415 1743 Unum
1431 1657 1521 1744 equi·

370 1819 373 1849 7
401 1775 471 1836 dem
503 1773 600 1851 novi,
637 1773 689 1837 cui
717 1784 822 1837 tamen
849 1785 995 1839 nostrum
1024 1777 1143 1858 poe'ma
1173 1772 1276 1839 tribui
1309 1772 1366 1836 vix
1394 1782 1518 1854 potest,

400 1883 607 1976 Hilpericum
630 1884 789 1968 pictorem
810 1889 893 1968 apud
913 1887 1042 1970 Lupum
1065 1881 1233 1951 Servatum
1249 1885 1357 1968 Epist.
1376 1887 1430 1947 00.
1454 1887 1519 1948 Ed.

399 1998 565 2079 Antverp.
586 2019 665 2084 pag.
689 1998 763 2061 102.
809 1999 948 2074 „Abbas
977 1997 1182 2076 monasterii,
1216 2001 1306 2086 quod
1331 1983 1521 2062 Germanice
1607 1981 1610 1994 ’

401 2109 594 2172 Sannosuan
622 2108 865 2192 appellatur-
886 2146 929 2156 -
949 2147 991 2158 -
1014 2114 1179 2188 obsecrat,
1213 2122 1247 2173 ut
1264 2110 1404 2186 tabulas,
1441 2131 1519 2195 quas

330 2263 332 2268 ,
385 2222 607 2288 Eunaeumns
618 2219 732 2303 pictor¹
739 2220 841 2285 beatis
849 2221 942 2286 vovit
953 2223 1158 2304 martyribus,
1174 2223 1374 2287 hebdomada
1384 2225 1520 2296 secunda

399 2345 475 2416 post
495 2334 621 2408 Pascha
649 2332 712 2415 ipsi
742 2333 883 2418 dirigere
906 2333 1119 2419 dignemini.”
1164 2336 1217 2397 Ex
1236 2334 1289 2398 nis
1312 2334 1390 2418 ipsis
1414 2335 1521 2398 verbis

401 2443 543 2527 suspicio
566 2443 643 2508 mihi
668 2457 740 2510 orta
763 2457 824 2522 est,
867 2447 920 2509 vel
945 2446 1135 2511 Goldastum
1158 2446 1280 2530 ipsum,
1318 2447 1345 2511 si
1367 2445 1520 2516 tamenis

400 2555 434 2619 in
459 2557 651 2644 Catalogum
673 2558 830 2623 Francos.
853 2558 953 2622 inseri
973 2557 1066 2622 iussit
1096 2559 1252 2624 vocabula
1272 2559 1439 2625 Monachi
1459 2563 1519 2624 Se·

402 2669 701 2754 lingestatiiensis,
741 2669 793 2734 vel
828 2667 923 2734 etiam
953 2674 1128 2754 postmodo
1148 2670 1345 2751 ¹Fabricium
1383 2682 1520 2754 propter

401 2780 598 2846 vicinitatem
621 2782 856 2872 vocabulorum
878 2783 1048 2867 saligstat
1065 2794 1103 2872 et
1125 2783 1322 2866 Hilpericus
1341 2759 1429 2866 apud
1451 2784 1521 2846 Lu·

400 2917 494 2978 pum,
529 2893 624 2958 istum
645 2892 679 2957 in
703 2916 850 2959 errorem
871 2893 1043 2972 incidisse,
1079 2904 1114 2959 ut
1145 2895 1298 2960 alteruter
1323 2895 1397 2961 inde
1424 2893 1520 2960 nobis

401 3005 551 3082 eliceret,
574 3016 720 3070 nostrum
742 3005 954 3089 Helpericum
970 3007 1112 3073 sodalem
1133 3007 1233 3072 fuisse
1257 3007 1445 3088 monasterii
1463 3009 1522 3071 Se·

314 3157 317 3164 .
401 3117 669 3203 lingestadiensis.
713 3120 820 3183 Unum
847 3117 949 3204 igitur
980 3121 1046 3184 hoc
1074 3119 1254 3197 lucramur,
1285 3130 1320 3182 ut
1339 3141 1393 3183 cx
1422 3121 1519 3204 Lupo

402 3233 596 3307 doceamur,
634 3232 720 3293 haud
744 3229 919 3295 inauditum
943 3242 1020 3294 tunc
1041 3230 1200 3315 temporis
1220 3229 1383 3315 Hilperici
1403 3253 1521 3296 nomeu

302 3411 305 3421 .
399 3341 511 3408 fuisse.
555 3344 616 3407 Est
637 3342 730 3408 etiam
748 3345 912 3406 Enrureus
928 3344 1122 3419 monachus,
1146 3341 1234 3406 cuius
1251 3342 1522 3426 exstat'Epistola

403 3503 419 3532 „
429 3458 467 3519 de
480 3454 685 3542 quaestione,
709 3477 767 3518 cur
778 3454 920 3519 natalitia
936 3457 1127 3536 Sanctorum
1141 3453 1174 3518 in
1185 3453 1323 3531 laetitia,
1339 3456 1520 3519 Parasccue

400 3567 545 3633 veroin
571 3565 701 3631 tristitia
726 3567 951 3632 celebremus”
975 3578 1051 3650 post
1072 3565 1319 3634 Pseudoalcuini
1341 3570 1380 3655 de
1402 3544 1520 3630 ¹(livinis

402 3678 532 3744 Officiis
554 3678 660 3762 Caput
677 3702 778 3743 xvnu.
801 3681 1034 3744 EdaFroben.
1056 3679 1138 3744 Vol.
1157 3702 1196 3742 ιι.
1220 3701 1260 3762 ρ.
1275 3681 1349 3743 480.
1394 3682 1519 3762 Verum

402 3790 560 3877 quidquid
574 3791 784 3856 iudicabimus
806 3795 845 3856 de
869 3792 958 3858 libro
977 3792 1035 3859 illo
1058 3813 1077 3856 a
1098 3789 1259 3856 nonnullis
1278 3791 1355 3856 olim
1376 3790 1518 3864 Alcuino

402 3901 578 3993 attributo..
596 3903 631 3967 id
651 3903 763 3968 saltem
776 3926 839 3986 pro
859 3916 949 3969 certo
963 3903 1125 3968 affirmare
1140 3923 1327 3987 possumus,
1350 3901 1521 3990 epistolam

401 4013 554 4089 illamad
575 3999 747 4080 A'lcuinum
771 4014 874 4099 ipsum
897 4015 1051 4099 scriptam
1072 4036 1138 4079 non
1160 4035 1248 4092 esse,
1282 4037 1377 4100 quum
1398 4014 1443 4078 ita
1465 4018 1521 4079 de·

401 4125 507 4192 sinat:
548 4126 818 4211 „Importunitati
845 4139 934 4210 tuae,
973 4148 1170 4190 nnncnssuuu
1194 4144 1279 4203 nior,
1316 4125 1376 4189 etsi
1400 4148 1466 4191 non
1487 4138 1522 4192 ut

402 4237 518 4314 debui,
548 4249 583 4302 ut
615 4238 709 4323 potui
738 4251 843 4309 tamen
864 4239 1050 4305 satisfacere
1071 4237 1197 4316 institi,
1222 4259 1413 4324 quamquam
1435 4237 1523 4302 diffi-

403 4349 520 4416 cultate
557 4349 755 4437 quaestionis
792 4363 954 4440 cogente,
998 4349 1172 4417 verbosior
1189 4424 1190 4430 ἵ
1207 4332 1355 4444 forsitan,
1376 4349 1522 4416 exstiti.”
