3422 5406
152 621 154 625 ,
182 577 306 644 Cuncta
330 580 446 643 eadunt
465 571 758 670 resolutn't'canum,
781 576 881 640 lustra
902 575 1124 641 alta'lerarum

71 731 77 744 κ
179 693 269 757 Nare
288 712 404 776 sagace
423 665 554 773 petunt,
578 693 766 774 quaerentes
790 688 851 752 rite
872 689 1034 771 rapinam,

179 806 225 868 Et
242 804 378 868 lustrant
399 801 488 867 avidi
507 804 668 867 condensa
690 801 829 865 frutecta
851 800 1006 876 molossi;

178 914 301 982 Diffusi
323 926 468 980 errantes
488 914 523 979 in
546 914 658 998 opacis
680 912 829 989 saltibus,
854 935 964 979 omues

179 1027 393 1113 Sanguineam
415 1027 506 1115 silvis
523 1031 676 1111 praedam
694 1004 840 1110 reperire
860 1026 1024 1090 laborant.

181 1139 298 1225 Cingit
319 1161 416 1226 eques
437 1141 571 1216 saltum,
594 1139 742 1226 fugitiuis
766 1138 863 1203 obvia
884 1137 1009 1221 turbis·

184 1255 297 1316 Turba
320 1263 472 1335 paratur;
495 1275 573 1336 aper
598 1253 706 1316 sulvus
727 1254 764 1316 fit
789 1251 871 1314 valle
900 1262 1064 1332 repertus3

184 1365 274 1429 Mox
295 1387 404 1428 nemus
422 1364 565 1429 insiliunt
589 1365 712 1450 equites
733 1375 765 1428 et
789 1385 871 1429 voce
896 1375 1088 1449 sequuntur3

185 1478 345 1543 Praedam
367 1469 468 1562 agiles
490 1488 614 1541 certant
637 1476 808 1562 fugitivam
831 1475 955 1562 agitare
977 1475 1112 1540 molossi

186 1591 232 1654 Et
253 1588 358 1673 sparsi
380 1600 513 1666 currunt
534 1611 594 1672 per
617 1611 721 1671 opaca
742 1589 866 1654 silentia
885 1588 1000 1653 silvae.
1093 1630 1096 1636 ·

187 1702 253 1766 Iste
277 1705 414 1766 tacendo
435 1701 526 1766 volat
547 1701 685 1766 celerem
706 1714 782 1785 post
799 1701 860 1767 rite
882 1701 1027 1785 rapinam
1036 1747 1052 1780 ,.

186 1814 249 1878 Ille
272 1826 375 1878 autem
398 1835 516 1878 vacuas
538 1811 680 1898 complet
701 1800 877 1878 latratibus*
890 1837 1000 1891 auras;

185 1929 287 1992 Errat
310 1926 365 1991 hic'
386 1927 546 1991 umbrosis
569 1927 695 1991 delusus
718 1930 821 1992 odore
843 1926 1006 2002 frutectis,

187 2040 284 2106 Alter
306 2039 339 2102 in
362 2037 495 2104 alterius
516 2027 748 2112 hinc'saltibus
770 2038 843 2103 inde
865 2050 1011 2115 rotatur;

187 2152 247 2216 Ille
269 2152 374 2228 videt,
397 2150 457 2244 hic
472 2151 625 2236 praedam
648 2151 744 2216 sentit
765 2157 868 2217 odore
889 2152 1054 2237 fugacem.
1121 2176 1125 2183 ·

188 2263 242 2330 Fit
264 2262 432 2349 strepitus,
456 2264 546 2329 silvis
570 2263 740 2350 consurgit
761 2265 883 2337 stridor
905 2263 937 2326 in
960 2263 1048 2340 imis,

188 2379 234 2441 Et
254 2379 332 2439 tuba
354 2376 574 2462 magnanimos
596 2377 737 2442 incendit
759 2381 799 2441 ad
822 2399 897 2440 acra
919 2376 1082 2440 molossos

189 2488 337 2565 Proelia,
363 2488 451 2551 dirus
472 2501 552 2572 aper·
571 2512 635 2574 quo
659 2512 692 2552 se
714 2490 780 2552 sert
802 2493 895 2553 dente
919 2487 1055 2577 minaci,

191 2600 445 2686 Arboribusque
469 2623 603 2664 excussa
622 2585 739 2674 eadunt
759 2599 840 2665 solia
859 2600 999 2686 undique
1022 2604 1062 2664 ab
1085 2600 1177 2666 altis:

191 2715 259 2778 Per
279 2714 353 2778 loca
376 2725 465 2805 vasta
487 2713 573 2802 sugit
595 2712 775 2799 rapidoque
798 2735 858 2796 per
880 2711 968 2776 invia
990 2737 1086 2777 cursu

193 2825 316 2920 Tendit
335 2825 414 2902 iter,
437 2826 590 2890 frendens
611 2837 697 2891 tenet
718 2825 784 2890 alta
807 2826 970 2890 eacumina
992 2801 1128 2904 montis3
1198 2845 1201 2854 ·
1273 2893 1276 2898 ,

193 2937 546 3004 Cursibusexhaustus
567 2942 652 3005 lasso
677 2943 758 3024 pede
782 2940 909 3005 constat
930 2940 1118 3016 anhelus„
1194 2972 1197 2978 ¹
1304 2917 1307 2920 ¹

194 3043 264 3115 Iam
287 3061 381 3135 parat
403 3073 491 3114 arma
512 3052 600 3116 necis
624 3052 757 3116 canibus
779 3055 969 3138 turbamque
993 3075 1161 3138 sequacem

195 3163 318 3242 Sternit
340 3175 371 3227 et
389 3165 555 3229 horrendo
577 3163 711 3230 rabidos
731 3177 819 3231 rotat
841 3187 899 3230 ore
922 3166 1098 3230 molossos.
1128 3191 1129 3200 ¹

197 3277 288 3341 Mox
311 3275 454 3356 Karolus
475 3287 568 3361 pater
590 3276 666 3360 ipse
682 3277 773 3343 volat
795 3277 994 3363 mediumque
1017 3299 1076 3361 per
1097 3298 1210 3362 agmen

200 3388 305 3455 Ocior
327 3387 459 3473 aligeris
481 3385 594 3453 avibus
616 3390 705 3464 sonat
727 3412 800 3454 ense
822 3389 960 3482 ferinum
1033 3378 1035 3382 ¹
1157 3469 1159 3476 Ι
1252 3391 1321 3460 ‚295

201 3502 322 3567 Pectus
345 3512 376 3564 et
396 3499 578 3586 intinguens
603 3501 742 3586 gelidum
764 3502 798 3567 in
819 3501 1012 3586 praecordia
1034 3503 1157 3568 ferrum
1199 3583 1201 3588 ι

203 3611 341 3679 Corruit
362 3609 433 3691 ille,
457 3634 591 3678 vomens
615 3614 712 3678 vitam
730 3639 803 3680 eum
823 3615 977 3700 sanguine
997 3615 1120 3692 mixto,

202 3725 243 3788 Iu
264 3723 350 3787 flava
368 3723 508 3789 moriens
527 3747 660 3810 seseque
680 3727 806 3792 volutat
820 3731 951 3792 harena.

204 3835 337 3921 Regalis
360 3847 468 3900 monte
486 3837 566 3901 haec
586 3838 697 3921 proles
719 3841 902 3923 speculatur
928 3844 967 3906 ab
992 3842 1071 3905 alto.
1129 3879 1131 3884 ,
1173 3864 1176 3870 ’

205 3949 294 4013 Mox
315 3947 406 4012 aliam
426 3947 569 4012 Kar-olus
590 3955 740 4033 praedam
757 3951 846 4017 iubet
866 3953 939 4017 inde
958 3976 1106 4031 movere,
1258 3953 1326 4017 ‘300

206 4062 250 4124 Et
268 4059 378 4125 socios
400 4059 510 4124 verbis
533 4061 640 4126 claros
662 4063 706 4127 ita
728 4065 813 4129 satur
836 4065 965 4130 amicis:
1039 4051 1042 4064 ¹

206 4173 330 4250 „Hane
350 4172 482 4237 fortuna
505 4172 586 4236 diem
608 4175 705 4240 nobis
727 4180 884 4243 deducere
907 4176 1021 4242 laetam

206 4284 331 4351 Annuit
352 4284 497 4382 auguriis
519 4297 551 4350 et
572 4297 684 4352 nostra
704 4287 833 4373 incepta
855 4295 1022 4366 secundat;

209 4399 303 4483 Ergo
326 4397 433 4464 favete
457 4421 566 4464 omnes
587 4400 681 4466 istum
704 4406 885 4468 exercendo
908 4403 1070 4480 laborem,
1159 4481 1161 4486 ι
1187 4397 1190 4402 ’
