3422 5406
1271 409 1311 470 37

131 634 133 642 y
189 552 355 618 Audendi.
401 553 447 616 At
469 552 611 623 Karalus
634 529 739 615 medio
763 550 859 614 micat
880 551 1005 636 agmine
1028 551 1158 614 laetus:¹
1248 535 1318 612 tuo

187 667 299 728 Aurea
323 664 420 728 crista
440 663 522 748 tegit
543 663 684 726 frontem
704 674 735 726 et
757 675 949 745 conspectus
968 661 1000 724 in
1023 663 1119 728 armis

186 778 325 862 Fulget3
349 798 434 862 equo
454 776 577 860 ingenti
596 787 746 858 portatur
769 753 885 839 ductor
908 774 1047 858 opimus.
1141 754 1146 767 l

185 891 275 953 Ante
298 892 500 954 sacerdotum
522 909 626 971 porro
653 900 759 952 castra
782 887 909 972 agmina
928 885 1027 950 ternis

184 1004 279 1064 Stant
301 1000 406 1064 divisa
428 999 589 1065 chorisin
609 999 718 1085 longis
741 1001 901 1076 vestibns;
925 1001 1025 1063 almae

183 1115 286 1178 Sacra
305 1114 411 1178 crucis
433 1113 551 1177 vexilla
569 1113 677 1178 levant
694 1124 724 1177 et
746 1111 901 1195 praesulis
920 1111 1025 1176 omnis
1239 1113 1307 1175 485¹
1345 1109 1349 1122 ’

181 1217 370 1292 Adventum
390 1238 556 1309 exspectat
579 1225 748 1315 clerusque
767 1238 798 1289 ct
817 1225 950 1289 candida
972 1225 1095 1309 plebes.
1178 1207 1181 1214 ’

182 1340 253 1403 Iam
274 1347 370 1422 'pater
392 1339 423 1401 in
446 1361 561 1421 campo
584 1331 726 1412 Karolus
749 1337 838 1401 videt
861 1339 987 1423 agmina
1009 1339 1142 1421 aperto;

183 1449 366 1533 Pipp'inum
384 1462 417 1514 ct
436 1473 587 1514 summum
610 1461 773 1533 pastorem
798 1455 928 1516 tendere
949 1463 1063 1515 contra

184 1563 344 1628 Constat:
367 1557 405 1626 et
415 1561 512 1648 inque
532 1565 659 1626 modum
681 1565 835 1646 populum
858 1575 1046 1646 exspectare
1068 1585 1210 1628 coronae

181 1665 354 1758 Praecipit
375 1687 470 1762 atque
493 1675 592 1738 aciem
613 1674 688 1738 hinc
710 1676 824 1740 dividit
846 1676 935 1740 urhis
957 1678 997 1738 ad
1018 1675 1130 1739 instar.
1149 1759 1151 1774 A
1243 1675 1305 1738 490

177 1790 258 1870 Ipse
280 1800 384 1852 autem
405 1788 511 1852 medio
534 1786 680 1852 consistit
700 1787 734 1852 in
760 1794 840 1854 orbe
862 1793 972 1854 beatus

179 1901 347 1966 Praesulis
369 1905 539 1965 adventum
560 1915 774 1988 exspectans,-
788 1913 820 1966 et
842 1879 964 1966 vertice
979 1913 1050 1966 toto
1116 1939 1120 1954 ‹

182 2011 296 2078 Altior
318 2024 366 2076 est
388 2011 502 2090 sociis,
525 2015 678 2097 populum
701 2013 913 2097 supereminet
935 2035 1074 2078 omnem.

181 2127 248 2188 lam
269 2128 341 2190 Leo
354 2148 447 2222 papa
463 2127 548 2190 subit
570 2150 631 2212 quc
654 2137 789 2192 externo
810 2127 989 2212 seagmine
1013 2125 1161 2191 miscet..

182 2237 286 2318 Quam
311 2237 416 2302 varias
438 2238 567 2316 habitu,
588 2239 731 2324 linguas,
755 2250 818 2302 tam
840 2237 938 2303 vestis
960 2251 992 2306 et
1015 2238 1111 2314 armis
1240 2237 1302 2300 495

179 2349 327 2414 Miratur
348 2363 458 2436 gentes
479 2333 616 2415 diversis
640 2351 786 2434 partibus
805 2351 909 2415 orbis.

179 2463 357 2546 Extemplo
380 2485 559 2546 properans
582 2464 725 2528 Karolus
748 2475 936 2529 veneranter
955 2466 1087 2538 adorat,
1161 2517 1162 2521 ,

180 2575 377 2639 Pontificem
401 2576 594 2658 amplectens
616 2598 781 2662 magnum,
805 2588 836 2640 et
857 2575 983 2658 placida
1007 2576 1117 2640 oscula
1138 2572 1231 2638 libat.

179 2689 285 2772 Inque
307 2687 410 2752 vicem
435 2665 564 2752 dextras
585 2687 721 2774 iungunt
742 2687 928 2774 pariterque
951 2688 1099 2760 seruntur

178 2798 355 2863 Gressibus
377 2812 409 2863 et
432 2802 532 2864 multo
553 2800 719 2866 miscentes
738 2803 839 2865 verba
860 2801 990 2865 favore.
1170 2796 1175 2812 “
1238 2802 1303 2864 500
1335 2781 1337 2784 ’

175 2912 265 2975 Ante
289 2915 488 2976 sacerdotem
514 2924 564 2976 ter
587 2937 740 2976 summum
762 2913 922 2976 exercitus
946 2911 1049 2976 omnis
1254 2889 1256 2896 ,

175 3024 339 3087 Sternitur
359 3035 390 3086 et
412 3025 548 3108 supplex
572 3026 686 3110 vulgus
708 3036 764 3110 ter.
780 3025 868 3088 fusus
890 3025 1019 3108 adorat,
1108 3083 1111 3090 .

173 3115 246 3202 Pro
268 3136 458 3222 populoque
477 3159 591 3218 preces
613 3150 663 3200 ter
684 3137 788 3201 fundit
805 3124 939 3220 pectore
957 3124 1102 3219 praesul.'
1162 3168 1164 3173 ·

174 3252 269 3325 Rex,
291 3259 383 3333 pater
405 3251 577 3332 Europae,
600 3260 631 3312 et
653 3273 790 3318 summus
812 3252 885 3313 Leo
907 3261 1020 3332 pastor
1041 3249 1175 3314 inorbo

172 3360 357 3448 Congressi
379 3360 476 3447 inque
503 3360 605 3424 vicem
630 3362 722 3426 vario
747 3383 894 3426 sermone
913 3362 1074 3425 fruuntur.
1232 3363 1295 3426 505

172 3473 331 3559 Exquirit
356 3474 614 3538 Karolus-casus
637 3451 786 3559 auditque
808 3475 955 3537 laborum

172 3586 355 3660 Diversos3
380 3577 519 3649 sceleris*
532 3585 645 3669 populi
666 3585 762 3667 impia
786 3587 870 3649 facta
894 3585 1059 3669 stupescit.

176 3697 325 3763 Miratur
346 3685 489 3782 geminas¹
510 3697 709 3761 iamdudum
729 3697 800 3761 luce
822 3698 979 3762 fenestras

173 3809 346 3875 Extinctas
368 3821 400 3874 et
419 3831 503 3875 nunc
524 3821 705 3893 reparatum
727 3808 844 3902 lumine
868 3810 1006 3885 vultum,

172 3925 435 4009 Truncatamque
456 3921 549 4007 loqui
571 3922 704 3987 miratur
720 3905 850 4003 forcipe
872 3920 1025 4006 linguam.
1236 3925 1300 3986 510
1355 3902 1359 3911 ’

171 4035 270 4100 Alter
291 4035 324 4097 in
341 4009 471 4098 alterius
494 4035 659 4119 configunt
680 4033 798 4097 luminu
819 4033 925 4096 vultus
1338 4011 1339 4015 Ἰ

171 4147 217 4212 Et
237 4147 336 4229 parili
357 4147 440 4210 sedis
462 4149 594 4210 tendunt
615 4149 655 4207 ad
676 4145 811 4209 culmina
831 4168 955 4232 gressu.

170 4259 259 4324 Ante
283 4259 469 4322 sacerdotes
486 4257 571 4322 sacri
594 4267 687 4321 stant·
701 4258 782 4322 ostia
804 4257 914 4340 templi

169 4370 318 4439 Alternis
339 4368 467 4436 vicibus
491 4370 688 4435 modulantes
710 4368 854 4434 carmina
873 4370 1016 4446 laudum,
