3422 5406
368 438 410 503 io

370 578 445 638 Cod.
475 609 513 622 -
542 579 872 654 (194)]00011013000.
895 607 930 622 ·-
951 597 1073 649 magnus
1092 579 1166 636 God.
1189 609 1225 622 -
1264 579 1345 656 (200)
1366 579 1484 637 Codex:

369 657 496 727 Pipinns.
530 652 592 710 Sed
608 655 687 710 inira
710 674 829 729 semper
849 655 992 725 Pippinns.
1033 685 1070 697 -
1109 659 1189 723 (202)
1221 655 1305 706 iteras
1324 655 1427 712 Barth.
1449 688 1487 698 -

369 731 451 805 (220)
471 731 572 797 Beria]
585 733 714 804 „poetae
727 730 834 786 uxor.’'
854 729 956 785 Perta..
969 730 1012 860 (ΡῙ)
1029 759 1066 772 -
1086 734 1165 797 (221)
1185 733 1276 799 virili]
1290 729 1341 787 Sic
1355 730 1428 788 Cod.
1450 763 1488 774 -

368 807 455 859 virile
474 805 576 861 Pertz.
600 834 636 847 -
656 805 736 880 (225)
756 809 907 874 narratam]
929 823 988 880 „pe
1011 804 1036 860 is
1056 807 1206 862 ermineae
1225 817 1277 864 aut
1298 805 1487 862 zibellinae.”

369 883 471 938 Pertz.
493 911 531 924 -
552 878 633 956 (228)
652 881 789 951 Bractea]
809 910 844 923 -
864 881 973 932 erana
994 879 1070 942 Cod.
1089 891 1119 936 et
1137 882 1240 938 Pertz.
1263 911 1299 923 -
1319 883 1398 950 (246)
1412 881 1487 938 Cod.

369 956 538 1029 dependunt.
580 986 617 1000 -
655 955 736 1029 (251)
756 956 915 1027 egreditur]
937 954 1051 1013 Codex.
1083 984 1119 996 -
1147 958 1309 1026 ingreditur
1326 957 1430 1013 Pertz.
1453 963 1490 997 -'-

368 1032 450 1106 (253)
470 1031 648 1101 zmaragdis]
671 1031 745 1089 Cod.
767 1061 805 1076 -
823 1032 988 1100 smaragdis
1005 1032 1107 1088 Perti..
1128 1063 1167 1075 -
1186 1032 1265 1108 (254)
1286 1033 1350 1101 Pes]
1372 1031 1491 1089 Barna-

370 1108 448 1181 gius.
476 1135 506 1149 -
525 1107 580 1160 nes
601 1106 705 1164 Codex
724 1117 755 1164 et
769 1105 846 1164 Edd.
865 1117 934 1163 ante
949 1107 1041 1164 Basn.
1062 1135 1100 1150 -
1119 1109 1202 1177 (256)
1223 1107 1345 1164 Codex:
1366 1107 1491 1182 iaabya-

258 1229 262 1235 .
370 1189 443 1239 tina.
479 1209 514 1225 -
546 1185 624 1252 (265)
646 1183 781 1254 Hiltrnd]
803 1180 854 1240 Sic
875 1182 988 1246 Codex.
1011 1213 1047 1225 -
1067 1183 1194 1235 Hildrnd
1211 1183 1313 1240 Pertz.
1347 1215 1378 1226 -
1409 1181 1490 1260 (264)

368 1261 509 1326 renatam]
538 1258 581 1329 „i.
599 1275 631 1326 e.
657 1267 827 1313 renatorum.
869 1256 936 1315 Bon
960 1269 1008 1314 net
1038 1277 1076 1315 ex
1101 1258 1217 1316 Canisii
1246 1260 1328 1316 coni.
1357 1261 1492 1316 correxit

369 1333 515 1388 senatus.”
535 1334 637 1390 Pertz.
671 1360 708 1376 -
740 1337 821 1402 (268)
838 1333 931 1406 plebs]
977 1353 1047 1411 ouq.
1075 1356 1113 1392 ::
1135 1335 1215 1405 pleps·
1232 1333 1334 1390 Perta.
1358 1337 1492 1404 -plens

370 1410 484 1469 Codex.
497 1439 535 1453 -
550 1411 628 1481 pieni
636 1409 690 1467 Ch.
712 1409 737 1466 E
753 1409 809 1466 Cd.
825 1409 981 1466 emendavi
994 1408 1254 1470 vitiosamPertzii
1268 1409 1492 1467 distinctionem

370 1488 480 1546 horum
495 1503 546 1541 vv.
567 1513 604 1528 ·-
623 1484 705 1560 (284)
725 1484 828 1544 Codex
843 1485 927 1539 vidit.
947 1515 984 1530 -
1003 1486 1048 1538 hic
1065 1486 1214 1555 praedam]
1237 1483 1288 1542 Sic
1300 1485 1374 1542 606.
1396 1484 1491 1558 „Sola

370 1579 481 1618 vocum
497 1561 732 1634 transpositione
752 1558 907 1635 (praedam
924 1558 989 1636 liic)
1009 1579 1131 1617 versum
1150 1557 1301 1616 restitdi.”
1320 1561 1422 1618 Pertz.
1445 1561 1513 1620 Ita·

371 1637 506 1703 scilicet,
528 1646 561 1694 ut
583 1635 724 1692 evaderet
745 1634 873 1710 prorsas
896 1631 1042 1715 ἄμετρος.
1083 1636 1119 1692 In
1144 1654 1270 1692 caesura
1301 1635 1416 1710 syllaba
1443 1637 1492 1688 det

370 1731 427 1788 pro
447 1712 538 1786 longa
558 1729 631 1766 osus
649 1729 715 1767 esse
737 1710 975 1784 videtur’poe‘ta.
998 1741 1035 1753 -
1055 1710 1136 1786 (288)
1156 1712 1192 1762 ab
1204 1707 1284 1779 altis]
1307 1711 1359 1770 Sic
1374 1711 1488 1769 Codex.

369 1791 408 1832 -'-
427 1793 458 1840 in
481 1787 549 1840 altis
568 1786 670 1843 Pertz.
692 1817 730 1830 -
753 1791 834 1855 (290)
854 1791 941 1856 tenet]
963 1786 998 1844 de
1013 1787 1127 1844 Canisii
1141 1788 1221 1843 0001.
1236 1785 1338 1843 Pertz.
1361 1817 1395 1832 -
1418 1796 1492 1840 teret

371 1861 446 1921 Cod.
468 1893 506 1906 -
525 1862 606 1934 (295)
626 1861 750 1930 rabidos]
766 1861 816 1918 Sic
831 1861 944 1921 Codex
965 1893 1004 1905 -
1023 1863 1140 1934 rapidos
1152 1861 1253 1918 Pertz.
1275 1893 1312 1905 -
1332 1868 1412 1930 (502)
1427 1865 1492 1916 010-

370 1943 430 2007 rot]
453 1936 505 1997 Sic
526 1935 639 1994 Codex.
668 1967 706 1980 -
737 1939 824 1990 claris
843 1937 945 1994 Pertz.
987 1939 1036 1994 An
1061 1939 1156 1990 verbis
1182 1939 1276 1990 claros
1294 1932 1424 2010 affatur?
1456 1968 1493 1980 -

372 2011 451 2082 (302)
472 2012 592 2070 Codex:
614 2014 727 2067 laetum.
748 2042 783 2055 -
805 2015 883 2082 (506)
902 2042 937 2056 -
952 2013 1035 2066 berns
1047 2012 1153 2070 Barth.
1174 2039 1212 2053 -
1232 2017 1311 2080 (514)
1331 2013 1494 2071 11010101·-

353 2159 354 2162 *
371 2088 716 2164 snisaperscr.an1ann
730 2106 791 2145 ree.
804 2089 898 2160 Caput
910 2087 965 2144 Ill.
987 2118 1024 2130 —
1044 2093 1124 2158 (525)
1145 2089 1276 2140 Membra
1286 2091 1358 2158 solo]
1379 2089 1491 2147 Codex.

371 2195 414 2222 -,
433 2163 567 2218 Membra
587 2164 638 2215 sed
656 2165 756 2219 Pertz.
787 2192 823 2206 -
851 2167 932 2232 (526)
954 2161 1056 2220 Codex
1073 2164 1157 2217 vidit.
1178 2192 1215 2204 -
1235 2163 1315 2239 (545)
1336 2166 1495 2239 Optatnm-

370 2245 433 2313 qne]
455 2239 568 2298 Codex.
592 2270 624 2280 -
646 2239 798 2311 Optatiana
816 2239 918 2295 Perta.
959 2243 989 2294 ui
1006 2238 1148 2295 adnotat:
1170 2249 1293 2310 „monte
1307 2241 1436 2297 Mario.''
1458 2272 1493 2286 -

372 2321 440 2383 (558
475 2313 846 2388 Cod.vecl1ros(sic).-
874 2258 957 2389 (582)
974 2319 1065 2384 errat]
1089 2314 1162 2371 Cod.
1186 2345 1220 2358 --
1241 2326 1306 2368 erat
1325 2317 1427 2373 Peru,
1455 2347 1494 2360 ...

373 2395 438 2458 (584
484 2389 558 2448 606.
590 2387 762 2461 definieris.
800 2417 833 2432 ·-
874 2389 956 2464 (500)
990 2389 1064 2447 606.
1088 2391 1230 2445 Vindicat
1249 2400 1279 2446 et
1302 2395 1430 2444 Alienat.
1456 2417 1494 2432 -

372 2466 453 2539 (597)
474 2467 632 2538 Obstipuit]
655 2463 729 2522 Cod.
761 2495 792 2506 -
822 2464 972 2538 Obstupuit
988 2463 1091 2523 Perta.
1127 2493 1162 2510 ·-
1203 2467 1283 2540 (415)
1311 2467 1492 2539 obstipeant]

372 2539 486 2598 Codex.
508 2572 544 2584 -
565 2539 859 2614 ObstnpeantPertz.
893 2571 931 2587 -·
963 2541 1043 2614 (414)
1073 2543 1217 2614 retreata]
1244 2541 1494 2616 8100011001.-

372 2626 545 2670 recreantem
566 2615 660 2673 Codd.
681 2627 711 2672 et
730 2614 807 2672 Edd.
844 2647 875 2658 —
911 2615 991 2690 (425)
1012 2615 1093 2690 Cot.
1109 2625 1221 2670 tremet.
1253 2647 1287 2662 —-
1317 2620 1396 2686 (457)
1417 2617 1492 2674 Cod.

371 2701 501 2745 retentat
522 2693 707 2767 (0100011118,
723 2709 813 2768 quam
826 2697 977 2760 retentat.)
996 2721 1034 2734 -
1049 2691 1134 2823 (458)
1155 2694 1305 2761 abscisam]
1328 2692 1440 2750 Codex.
1457 2721 1495 2736 -

371 2769 524 2821 abscissam
541 2767 643 2824 Pertz.
683 2796 722 2808 -
760 2757 840 2840 (441)
860 2767 980 2837 Audita]
1003 2767 1046 2825 Co
1069 2785 1116 2822 ex.
1144 2797 1183 2811 -
1206 2769 1317 2820 Acadira
1333 2770 1435 2840 Perta,
1457 2799 1494 2811 -·

372 2843 454 2911 (448)
474 2843 539 2911 ibit]
560 2885 575 2914 ‚,
584 2846 604 2900 i.
627 2861 652 2898 e.
672 2848 697 2893 it
716 2841 750 2899 6.
775 2843 905 2898 00010011
921 2845 999 2904 neat,-
1029 2844 1081 2901 sed
1102 2861 1248 2918 praesens
1267 2847 1384 2919 requiri
1400 2863 1496 2919 appa-

373 2919 451 2976 ret.''
470 2920 572 2975 Perta.
611 2918 678 2975 Nisi
694 2927 796 2974 tamen
815 2917 872 2998 leg.
893 2925 958 2973 ivit.
990 2943 1027 2958 -
1048 2923 1135 2988 (451)
1157 2918 1231 2975 606.
1252 2919 1338 2996 vidit.
1355 2950 1392 2962 —
1412 2917 1494 2995 (459)

373 2996 476 3064 libans]
493 2994 601 3052 Canis:
617 3025 656 3037 -
674 2993 762 3045 libens
776 2993 851 3050 606.
873 3022 910 3036 -
930 2999 1010 3061 (toi)
1020 2994 1199 3066 problemata
1215 2995 1317 3065 verbo]
1339 2995 1440 3052 Canis.
1457 3025 1495 3038 -
1557 3057 1563 3063 Ι

370 3090 425 3144 pro
446 3071 522 3142 bleps
541 3061 643 3122 innata
662 3069 715 3120 nbo
738 3073 826 3138 (cum
844 3068 973 3136 lineola,
996 3070 1015 3124 i.
1039 3087 1067 3125 e.
1087 3070 1192 3137 verbo,
1213 3089 1275 3126 non
1298 3072 1397 3138 nrnbo)
1418 3070 1492 3128 Cod.

373 3177 411 3188 -
430 3145 541 3201 Versui
562 3149 626 3204 465.
652 3161 805 3217 superscr.
828 3162 1054 3200 emanarent
1079 3145 1172 3216 Caput
1191 3145 1260 3200 1111.
1292 3176 1330 3188 -
1355 3145 1437 3219 (469)
1461 3179 1492 3190 -

374 3221 458 3273 herne
473 3219 578 3278 Barth.
600 3251 638 3264 -
657 3223 738 3287 1475)
758 3219 911 3272 densentur
930 3219 1033 3276 Codex
1054 3225 1106 3288 (ut
1128 3221 1281 3274 densentur
1293 3221 1436 3292 fisneta).
1457 3253 1496 3265 -

374 3297 529 3348 densantur
560 3295 671 3372 Perta..
702 3324 740 3337 -
778 3294 858 3369 (480)
891 3293 989 3350 Habet
1008 3293 1110 3351 Codex
1129 3304 1162 3348 at
1179 3297 1249 3350 Kar.
1269 3315 1331 3352 non
1354 3299 1495 3350 0011.-

374 3371 456 3444 (481)
476 3370 579 3429 Codex
600 3377 685 3440 tegis.
707 3399 743 3412 -
764 3368 845 3445 (487)
865 3371 954 3440 videt]
976 3369 1027 3426 Sic
1048 3372 1168 3444 scripsi.
1191 3401 1227 3414 -
1246 3373 1321 3424 vidit
1341 3371 1445 3428 Codex
1465 3383 1493 3427 et

374 3448 477 3504 Pertz.
511 3478 542 3489 -
573 3449 655 3513 (490)
677 3444 780 3518 Codex
799 3445 853 3499 tie.
888 3477 923 3490 -
955 3445 1035 3520 (491)
1050 3449 1195 3514 ’000110ίί1]
1217 3446 1330 3503 Codex.
1358 3477 1395 3490 -
1423 3467 1492 3500 con.

373 3529 474 3575 sistere
484 3521 584 3579 Perta.
593 3521 648 3590 -(
651 3521 719 3594 495)
733 3519 805 3577 Sine
820 3520 1034 3577 exclamatione
1048 3523 1091 3576 sic
1102 3519 1258 3577 videbatur
1270 3522 1492 3578 edendumcurn

376 3598 430 3656 Cd.
444 3599 534 3668 Qnam
543 3603 645 3650 varias
654 3595 768 3665 babitu,
786 3598 977 3666 lingentium,
996 3603 1086 3649 vestis
1099 3606 1128 3649 et
1144 3603 1233 3649 armis
1243 3599 1372 3650 Miratnr
1394 3608 1494 3666 gentes

375 3677 396 3731 i.
420 3692 465 3729 e.:
487 3673 638 3742 „Miratur
655 3681 760 3748 gentes
777 3682 838 3727 tam
852 3673 953 3727 varias
971 3671 1099 3746 linguis,
1123 3689 1210 3746 quant
1229 3672 1331 3728 habitu
1352 3675 1443 3728 vestis
1464 3684 1493 3729 et

375 3748 500 3804 aruris.”
523 3780 554 3790 -
577 3748 659 3821 (510)
681 3747 756 3805 Cod.
775 3754 929 3802 mirantur·
958 3777 994 3788 -
1015 3749 1095 3822 (512)
1116 3745 1237 3804 Codex:
1259 3748 1493 3827 Etparalispdes.
1561 3763 1565 3772 ·

376 3823 556 3882 emendavit
584 3822 743 3880 Canisins:
777 3823 816 3875 Et
830 3823 919 3894 parili
933 3823 1033 3892 pedes,
1055 3835 1161 3880 eontra
1182 3833 1320 3880 metrum.
1361 3823 1493 3878 Praetnli

374 3901 465 3967 sedis,
486 3901 506 3955 i.
522 3918 549 3956 e.
564 3899 679 3974 templi.
701 3929 738 3942 -
758 3897 839 3972 (552)
854 3897 975 3955 Codex:
995 3917 1111 3967 magna.
1131 3929 1169 3942 -
1189 3903 1266 3966 (555)
1282 3895 1380 3954 Habet
1392 3896 1493 3954 Codex

376 3977 486 4028 revisat
506 3994 522 4030 a
542 3993 634 4030 manu
656 3976 763 4048 prima.
805 3974 883 4030 Tum
905 3992 960 4049 per
979 3992 1116 4029 rasuram
1138 3986 1309 4032 correctum
1329 3979 1438 4028 revisit.
1456 4003 1496 4017 -

377 4049 458 4127 (556)
475 4053 663 4124 propriisque]
684 4051 729 4106 lta
742 4048 862 4107 Codex.
885 4079 921 4093 -
938 4055 1066 4122 propriis
1082 4049 1199 4114 Perta..

752 4349 1124 4372 ⁶*—
