3422 5406
511 533 570 591 Hic
593 541 639 588 est
657 546 785 605 magnus
805 529 985 602 imperatam

456 599 534 684 B‘oni
554 627 672 682 fructus
687 621 786 680 honus
806 633 890 678 sator
924 633 926 637 ·

360 729 367 748 “
456 722 495 780 Et
517 720 651 796 prudens
674 717 821 794 agricola.
850 714 853 717 ’

456 813 598 877 [nfideles
619 815 668 870 hic
688 813 856 878 convertit,

456 910 560 977 Fana,
582 908 654 966 deos
675 909 724 963 hir
745 890 854 962 evertit

458 1004 498 1061 Et
520 1003 687 1080 confringit
705 1000 795 1058 idola.

517 1153 575 1210 llic
594 1150 742 1230 superbos
762 1149 862 1207 domat
880 1168 984 1224 reges,

459 1246 518 1304 Hic
534 1266 664 1324 regnare
677 1263 789 1328 ⁸sacras
809 1244 890 1320 leges

462 1339 548 1396 Facit
564 1359 632 1396 cunr
652 1341 785 1394 iustitia:
877 1364 879 1368 r

465 1433 562 1505 Quam
579 1444 736 1490 tuetur-co
757 1431 835 1500 fine,

438 1595 443 1619 N
463 1528 504 1586 Ut
524 1537 553 1584 et
575 1529 688 1593 iustus,
711 1527 765 1582 sed
785 1545 839 1582 nec
863 1527 927 1582 sine

466 1620 513 1679 Sit
534 1621 754 1678 misericordia.

524 1769 599 1828 Olco
616 1770 747 1828 laetitiae
768 1781 895 1838 unctus,

469 1864 558 1922 Dono
579 1868 693 1943 gratiae
709 1863 917 1940 perfitnctrrs*)

469 1959 585 2017 Ceteris
603 1978 676 2035 prae
692 1956 833 2035 regibus,

464 2055 540 2114 Cum
561 2072 672 2110 corona
690 2053 804 2130 gloriae

464 2148 631 2206 Maiestatis
657 2150 758 2224 regiae

470 2242 637 2320 Insignitur
657 2240 801 2301 fascibus.

525 2390 552 2449 0
573 2411 646 2462 rex,
665 2368 770 2450 nundi
785 2393 1004 2472 triumphator,
1062 2382 1066 2389 ’

449 2547 451 2551 ,
470 2485 540 2542 Iesu
558 2479 675 2542 Christi
695 2476 940 2562 conregnatorst

470 2579 522 2637 Sis
542 2599 599 2656 pro
619 2577 708 2636 nobis
730 2591 889 2650 exorator,
926 2625 927 2630 κ

471 2673 581 2731 Sancte
600 2684 686 2750 pater
706 2673 834 2742 Karole,
863 2728 865 2731 .

470 2768 633 2830 Emnndati
651 2771 667 2824 a
686 2770 819 2845 peccatis

470 2862 511 2922 Ut
529 2864 561 2920 in
581 2882 676 2940 regno
699 2860 844 2920 claritatis

381 2995 383 3002 s
474 2957 537 3013 Nos
555 2956 640 3033 plebs
658 2968 711 3014 tua
730 2975 798 3014 cuin
817 2955 912 3014 beatis

475 3049 558 3108 Caeli
577 3054 670 3108 simus
690 3051 818 3107 incolae.

533 3199 624 3258 Stella
640 3203 750 3267 maris,
772 3220 790 3258 o
808 3201 922 3267 Maria,

477 3293 583 3352 Mundi
605 3295 703 3364 salus,
726 3297 804 3352 vitae
824 3297 888 3363 via,

474 3389 674 3445 Varillantum
699 3407 770 3466 rege
796 3408 936 3466 gressus,

472 3482 518 3539 Et·
532 3481 570 3537 ad
589 3500 690 3558 regem
710 3482 762 3538 des
785 3501 925 3540 accessus

473 3576 511 3632 In
531 3578 659 3651 perenni
675 3576 781 3652 gloria.

536 3724 673 3795 Christe,
697 3725 839 3802 splendor
860 3725 907 3782 dei
927 3729 1043 3802 patris,
1191 3713 1197 3725 Χ

478 3820 677 3895 Incorruptae
699 3817 741 3876 lili
762 3822 886 3888 matris,

476 3914 536 3970 Per
555 3915 635 3972 hunc
652 3911 814 3982 Sancmrn,
837 3917 922 3982 cuins
943 3916 1018 3972 fasta

479 4006 688 4078 Celebrauius,
711 4005 799 4064 nobis
820 4020 941 4084 praesta
964 4057 965 4062 ,

479 4099 668 4180 Sernpiterna
690 4102 809 4178 gaudia.
857 4110 862 4114 ’

267 4389 286 4444 ‘l
305 4391 355 4434 lloc
374 4388 515 4434 vocabalum
534 4389 641 4447 suppleri
661 4391 688 4434 tle
707 4391 844 4434 coniectura
864 4403 926 4435 mea.

611 4449 625 4481 Χ

593 4484 633 4520 '³3
779 4511 791 4538 ι
