3422 5406
394 461 415 523 8

457 601 546 668 Hinc
569 623 680 674 omnes
701 625 767 672 nno
790 624 849 672 ore
862 587 1069 692 agnoverunt
1084 607 1272 691 opusculum
1287 606 1373 673 istud
1387 589 1512 674 minime

392 713 493 778 tribui
505 737 601 800 posse
617 716 815 800 Helperico,
839 722 999 784 monacho
1017 720 1233 806 Sangalleusi,
1257 724 1395 807 dequo,
1414 731 1535 810 ¹quae·'

395 849 520 913 cunque
540 830 665 912 potnit,
697 809 792 895 solita
812 853 883 894 cum
909 819 1074 916 diligentia
1090 832 1225 918 collegit
1239 833 1411 898 Fabricius
1425 833 1513 898 Bibl.

301 919 304 928 ¹
395 934 517 1005 mediae
539 953 571 1004 et
586 941 713 1006 infimae
725 943 810 1020 Lat.
825 937 883 1006 ‘ed.
898 944 1010 1007 'Mausi
1027 949 1125 1010 Tom.
1143 947 1176 1010 3.
1195 969 1230 1030 p.
1248 947 1323 1010 201.
1367 946 1516 1010 Fluctuat

396 1053 559 1143 000οε00
571 1053 655 1118 inter
667 1076 767 1119 annos
783 1057 857 1120 975.
875 1056 950 1121 000.
969 1059 1062 1122 1000.
1082 1059 1175 1120 0000.
1194 1059 1289 1123 0000.
1307 1059 1402 1121 roro.
1420 1035 1514 1122 rouo.

398 1155 470 1247 Qua
493 1168 531 1230 de
552 1189 588 1230 00
604 1169 684 1230 haec
698 1168 796 1230 habet
811 1167 930 1232 Pezius
945 1167 1035 1233 Diss.
1050 1169 1133 1254 isag.
1150 1169 1184 1233 in
1205 1164 1363 1252 Tupull.
1381 1171 1514 1236 'Auoccb

398 1276 524 1342 noviss.
547 1299 582 1361 p.
603 1281 685 1342 xxv.
701 1280 703 1284 ’
732 1326 746 1355 „
760 1279 877 1344 Totius
896 1279 990 1344 buius
1012 1281 1195 1346 certaminis
1213 1283 1245 1346 et
1262 1279 1516 1366 perturbationis

262 1391 264 1406 '
367 1393 372 1404 ¹
399 1413 525 1455 causam
554 1393 690 1476 praebet
714 1383 812 1456 Libri
840 1386 879 1457 de
910 1405 1064 1476 computo
1081 1393 1206 1476 'Caput
1234 1415 1354 1470 xxiia,
1391 1392 1516 1480 inquo

398 1484 594 1586 Ilelpericus
614 1503 784 1590 designans
809 1515 952 1590 tempus,
985 1528 1050 1594 quo
1074 1505 1168 1588 operi
1193 1528 1252 1571 suo
1274 1505 1447 1571 scribendo
1466 1505 1517 1569 iu-

399 1613 548 1694 sudabat,
565 1638 685 1680 annum
709 1615 875 1702 exprimit.
905 1655 946 1666 -
973 1649 1015 1664 --
1045 1619 1118 1700 Qua
1135 1619 1168 1683 in
1193 1617 1419 1706 controversia
1440 1619 1539 1706 qnid¹

399 1728 495 1793 nobis
524 1727 595 1793 veri
630 1728 762 1793 similius
794 1729 957 1808 videatur,
1000 1729 1035 1795 iu
1062 1730 1274 1796 Bibliotheca
1296 1731 1519 1796 Benedictiaa

400 1831 640 1932 caponemusJ’
664 1845 765 1930 (qnae
783 1843 993 1908 Bibliotheca
1015 1843 1119 1907 lucem
1137 1851 1297 1930 nunquam
1319 1843 1454 1924 vidit).-

389 1989 391 1996 ·
464 1953 597 2019 Scilicet
618 1954 717 2019 mirae
738 1954 824 2018 illius
843 1955 1098 2039 perturbationis
1120 1977 1246 2020 cansam
1266 1957 1434 2042 hauc'ego
1451 1977 1520 2020 esse
1539 1959 1542 1964 '

401 2065 563 2144 arbitror,
587 2070 677 2154 quod
693 2066 821 2131 librarii
847 2066 1012 2132 doctiores
1034 2067 1198 2152 Hilperici
1217 2067 1336 2133 librum
1364 2071 1413 2132 de
1430 2079 1544 2132 cour·'

400 2186 481 2262 puto
503 2177 738 2265 describentes,
761 2178 934 2262 scriptoris
955 2178 1056 2263 ipsius
1076 2201 1189 2263 parum
1210 2179 1347 2256 curiosi,
1370 2201 1521 2244 numeros

402 2293 690 2364 accommodabant
712 2294 753 2354 ad
774 2313 844 2355 eum
866 2289 970 2374 ipsum
991 2313 1124 2368 anuum,
1148 2313 1213 2380 quo
1234 2277 1438 2356 describendi
1453 2313 1521 2354 mu-

402 2424 479 2467 nere
499 2403 730 2487 fungebantur.
773 2403 861 2468 Hinc
882 2402 1056 2488 probabile
1076 2405 1113 2466 fit
1132 2403 1342 2470 remotiorem
1363 2425 1520 2491 quemque

403 2497 517 2578 aunuin
539 2517 711 2600 (quantum
726 2537 810 2580 nuuc
832 2515 966 2592 scimus,
989 2537 1103 2579 annum
1130 2517 1229 2598 975.)
1253 2517 1417 2581 veriorem
1439 2537 1520 2582 esse.

405 2612 557 2693 Certiora
577 2628 858 2715 ne'llde‘phonsus
876 2627 1003 2714 quidem
1023 2631 1063 2692 ab
1077 2630 1192 2718 ¹Arce,
1215 2627 1392 2693 communis
1411 2638 1523 2692 noster

304 2745 316 2768 '¹
404 2739 542 2816 ainicns,
566 2739 620 2804 cui
638 2751 758 2804 tantum
780 2730 897 2805 debent
910 2739 1023 2805 literae
1038 2728 1175 2825 propter
1190 2738 1311 2803 aditum
1326 2743 1366 2803 ad
1382 2737 1523 2804 Codices

406 2851 628 2936 Sangallenses
642 2855 767 2916 tandem
782 2852 994 2944 patefactum,
1017 2875 1077 2917 nos
1092 2855 1208 2918 edocet
1227 2851 1261 2916 in
1279 2851 1429 2918 Historia
1447 2850 1524 2938 pagi

387 2962 616 3050 ·Sangall.'T.
640 2965 671 3029 1.
694 2985 730 3048 p.
754 2964 828 3028 278.
851 2975 883 3029 et
904 2964 937 3027 in
960 2963 1198 3030 Additamentis
1220 2987 1256 3049 p.
1281 2965 1369 3046 45¹).

350 3217 369 3282 ’,
406 3229 510 3288 Germ.
530 3231 577 3305 6.)
594 3207 730 3282 scrittore
749 3235 997 3296 contemporaneo,
1029 3245 1136 3294 narra,
1169 3227 1218 3282 0100
1243 3227 1271 3280 a’
1296 3232 1359 3280 suot
1380 3224 1410 3280 di
1428 3227 1457 3280 ν’
1477 3232 1535 3280 era'

405 3323 450 3377 otu
469 3323 569 3376 diceva
587 3327 701 3385 cavati,
735 3341 750 3374 e
778 3322 1041 3374 miracola-eamcam
1067 3327 1207 3374 restituite·
1226 3322 1270 3390 gli·
1288 3320 1372 3391 occhj
1389 3323 1421 3374 al
1434 3339 1528 3394 papas

406 3407 430 3470 0
441 3416 487 3470 01ιί
504 3418 533 3469 lo
552 3434 683 3486 aregava,
703 3415 893 3486 consectando
912 3417 1084 3486 solamente,
1103 3415 1152 3470 alre
1171 3417 1196 3470 il
1212 3421 1356 3469 tentativo
1370 3413 1415 3487 so
1425 3413 1544 3488 fatto‚'

342 3501 345 3508 ¹
407 3501 455 3564 iria
473 3528 530 3563 noa
548 3505 687 3580 esegutto.
699 3510 713 3564 '.
725 3510 797 3562 Pers
817 3509 923 3580 ristette
942 3511 1019 3580 egli.-

502 3603 630 3662 Reddita
649 3603 741 3660 sunt?
781 3603 894 3661 Mirum
912 3614 969 3660 cst.
1010 3602 1120 3660 Mirum
1139 3612 1185 3659 est
1201 3603 1506 3680 euserrc·ncquisse.·

578 3697 633 3754 Est
650 3685 750 3772 ’100000
772 3691 805 3753 iir
825 3695 937 3765 dubio,
958 3697 1030 3753 binc
1050 3699 1144 3753 mirer
1164 3714 1202 3752 00
1222 3695 1291 3752 inde
1310 3699 1417 3772 magis.

463 3795 489 3862 1)
508 3790 657 3846 Eckelrard
674 3793 728 3847 IV.
754 3810 814 3844 ruar
841 3797 888 3844 eta
916 3791 1043 3861 Zogli'ng
1072 3787 1200 3844 Notlrers
1224 3790 1274 3844 des
1299 3771 1531 3862 Grosslefatgten

409 3915 447 3930 -
465 3917 502 3932 -
521 3887 580 3939 und
605 3885 694 3938 stand
716 3891 768 3938 mit
795 3885 856 3938 dem
881 3885 1035 3956 Professor
1060 3882 1206 3959 Hilpericli
1230 3890 1260 3937 in
1286 3885 1330 3939 St.
1351 3885 1453 3946 callen
1477 3885 1532 3938 den

321 3995 323 4002 ’
410 3973 528 4034 Schola:
545 3998 610 4036 vor.
633 4010 664 4022 —
684 3979 726 4032 Er
740 3977 923 4048 (Ecltehard)
936 3979 1018 4032 starb
1032 3997 1078 4032 iem
1090 3965 1229 4032 dasJalrr
1243 3984 1326 4038 1070.
1346 3977 1530 4054 (caoctus.)

410 4073 448 4130 ln
466 4075 618 4130 Additum.
640 4071 729 4130 affert
752 4084 855 4130 notum
883 4074 1043 4130 Trithemii
1067 4073 1271 4129 testimonium
1296 4059 1530 4148 01οΗ0100010οῘ

412 4165 501 4240 Quod
520 4153 695 4226 dicit'hnnc
727 4187 794 4225 cuin
822 4167 999 4224 Eckehardo
1028 4165 1141 4224 scholis
1169 4161 1415 4242 sangallensibus
1443 4178 1533 4241 prae-

412 4263 522 4330 fuisse,
541 4281 603 4320 000
622 4273 684 4320 tam
702 4281 740 4318 ex
754 4265 846 4318 certis
862 4279 965 4318 rerum
984 4263 1202 4328 monumentis,
1225 4278 1313 4338 quani
1326 4278 1342 4316 e
1356 4261 1533 4317 coniectura

413 4355 535 4418 ductum
556 4353 693 4425 videtur,
714 4366 778 4412 tum
797 4367 922 4431 propter
936 4355 1095 4413 Tritbernii
1115 4357 1282 4422 rationem,
1305 4356 1356 4430 qui
1369 4353 1531 4429 Helpe'rico

415 4450 509 4506 altero
522 4449 590 4507 loco
605 4452 738 4528 assignat
758 4469 870 4508 annum
892 4453 988 4520 1040„
1011 4450 1105 4507 altero
1121 4469 1149 4508 0.
1171 4451 1267 4541 1000,
1289 4460 1351 4506 tuin
1368 4451 1437 4525 quin
1454 4447 1533 4524 apud
