3422 5406
405 419 446 482 12

404 559 521 624 Aurel.
546 561 576 627 1.
600 557 695 622 1600.
739 549 791 624 En
813 581 898 624 nova
920 558 1091 624 confusio!
1136 560 1262 624 Larius
1283 563 1355 638 hic,
1373 581 1443 634 ,non
1463 567 1522 627 Fa-

404 673 497 750 rius,
520 693 585 736 non
609 672 776 736 Levinas:
799 671 899 735 index
920 692 1056 755 prorsus
1080 670 1226 736 diversus
1249 683 1281 736 et
1301 673 1520 740 aDreudiano

404 796 437 849 et
459 806 476 847 a
492 783 702 850 Fabriciano·
747 785 952 858 Memoratur
966 795 1133 866 praeterea
1149 783 1359 869 Eginhardus
1375 784 1523 852 Goldasti

405 896 478 960 anni
501 898 616 974 1000,
639 891 699 984 qui
713 886 776 979 pro
795 908 885 960 certo
909 917 1068 982 nunqnam
1091 895 1226 960 exstitit.

468 1010 503 1090 3)
526 1010 682 1074 Zedlerus
704 1008 737 1072 in
759 977 1084 1072 Lexico¹univcrsali
1106 1008 1188 1073 Vol.
1212 1033 1262 1073 xi.
1285 1031 1320 1093 p.
1346 1011 1420 1074 121.

424 1187 427 1206 .
466 1123 595 1190 stnu
617 1124 799 1185 Hrnrnmcr
821 1123 860 1185 de
880 1118 1006 1184 Carolo
1028 1121 1080 1184 M.
1098 1131 1130 1185 ct
1144 1123 1257 1186 Leone
1272 1123 1363 1205 Papa
1378 1123 1522 1190 narratio

404 1255 477 1298 cum
492 1231 623 1300 notis..
649 1227 800 1298 Genevae
831 1235 925 1326 1000.
959 1232 1028 1297 sol.
1067 1225 1192 1298 Rursus
1219 1233 1274 1298 bic
1295 1235 1524 1300 habes-Levi·

319 1411 322 1422 ,
403 1369 496 1422 num;
518 1346 660 1432 reliquus
682 1345 780 1409 index
801 1343 877 1408 satis
894 1342 1017 1422 variat3
1039 1343 1147 1410 forma
1169 1344 1265 1412 etiam
1284 1347 1380 1428 ,aliter
1401 1347 1523 1414 iudiea-

403 1469 473 1534 tur,
498 1479 592 1545 quam
614 1460 699 1542 apud
720 1468 880 1523 ceteros.⁴

466 1570 661 1636 Meuselium
677 1581 708 1635 ct
723 1568 949 1654 Dippoldtium
960 1568 1036 1635 idco
1054 1592 1121 1635 uon
1138 1593 1290 1655 numero,
1314 1572 1522 1660 quiatemere

285 1736 290 1754 „
403 1704 459 1748 sua
481 1703 499 1747 c
522 1671 677 1748 Fabricio
704 1681 920 1748 describentes
940 1703 1061 1747 novum
1085 1695 1117 1748 et
1141 1665 1402 1750 accuratuerei
1421 1685 1545 1771 ipsius·

350 1824 355 1831 ·
403 1816 537 1860 examen
555 1794 720 1860 instituere
745 1796 970 1881 neglexerunt.

468 1889 630 1989 Quattuor
651 1910 819 1975 adversum
841 1918 938 1972 testes
962 1906 1040 1972 mihi
1060 1917 1174 1987 notos,
1203 1909 1399 1989 Draudium,
1422 1910 1524 1994 Lips-

404 2019 507 2096 nium,
538 2017 739 2096 Fabricium,
777 2019 948 2084 Zedlecum
974 2019 1043 2086 sive
1064 2021 1173 2103 potius
1194 2022 1406 2087 mercenariae
1427 2023 1523 2088 buius

337 2205 339 2208 ,
403 2129 544 2199 hominis
577 2154 694 2217 operas
718 2130 889 2215 Helpcrici
915 2154 1084 2198 carmena
1110 2135 1268 2202 Goldasto
1292 2119 1414 2204 'editum
1443 2160 1524 2201 nun·

405 2267 499 2332 quam
516 2242 614 2309 fuisse
636 2247 810 2310 contendo.
844 2247 931 2308 Ante
945 2245 1056 2315 ,omnia
1070 2247 1247 2327 internum,
1269 2261 1305 2312 ut
1319 2271 1403 2314 nunc
1417 2249 1522 2327 aiunt,

404 2355 440 2424 id
460 2368 525 2434 est,
548 2379 640 2421 exre
658 2358 727 2440 ipsa
746 2355 880 2441 petitum
895 2357 1126 2437 testimonium,
1151 2361 1239 2426 cuius
1255 2362 1524 2447 generissemper

405 2473 490 2553 apud
512 2473 684 2553 prudentes
699 2467 844 2533 *maxima
863 2469 926 2534 suit
951 2467 1143 2549 auctoritas,
1171 2455 1351 2558 proferam.
1395 2474 1524 2539 Etenim

404 2582 489 2646 idem
512 2582 566 2647 ille
589 2582 780 2658 Goldastus,
804 2583 860 2670 qui
878 2582 1017 2668 pariter,
1040 2595 1075 2646 ut
1089 2584 1197 2649 facere
1212 2586 1336 2650 solebat
1352 2586 1522 2663 Barthius,

404 2693 561 2758 infinitam
581 2717 681 2779 paene
701 2695 872 2761 lectionem
893 2695 1089 2779 scriptorum
1109 2701 1250 2762 nondum
1271 2698 1430 2764 editorum
1451 2722 1524 2764 me·

406 2807 476 2871 diae
491 2806 525 2871 in
542 2806 654 2891 primis
673 2806 785 2872 aetatis
804 2807 881 2904 satis
897 2807 1066 2873 ambitiose
1089 2813 1284 2886 ostentabat,
1307 2811 1341 2875 in
1359 2811 1524 2904 opusculis

405 2931 523 2984 attente
547 2942 565 2983 a
586 2941 635 2984 me
652 2919 825 3005 perlectis,
849 2943 930 3006 quae
952 2920 1021 3003 ipse
1040 2922 1164 2986 habeo:
1199 2927 1236 2988 S.
1258 2924 1449 2992 Valeriani
1467 2924 1546 2990 012·

405 3032 578 3097 meliensis
592 3031 758 3116 Episcopi
779 3034 821 3096 de
839 3036 937 3098 Bono
952 3033 1167 3118 Disciplinaa
1182 3041 1316 3100 Sermo.
1339 3042 1377 3101 S.
1393 3036 1524 3104 Isidori

358 3173 359 3180 ¹
405 3145 621 3230 Hispalensis
635 3146 801 3230 Episcopi
814 3145 855 3209 da
870 3145 1043 3211 Praelatis
1057 3152 1316 3231 Fragmentum.
1333 3149 1524 3229 MELIOR

342 3319 351 3336 ,
408 3259 748 3323 HAMENVELTO
773 3257 858 3340 (sic)
881 3259 1166 3324 GOLDASTVS
1195 3261 1291 3324 dadis
1317 3283 1396 3324 cum
1423 3264 1524 3327 cotte-

405 3371 549 3434 ctaneis.
579 3375 634 3440 ,Ιη
655 3370 751 3456 queis
773 3365 881 3434 malta
897 3370 1035 3454 pariter
1057 3374 1246 3440 multorum
1259 3379 1442 3437 auctorum
1455 3377 1522 3439 Pa·

406 3495 502 3546 tram
530 3505 635 3568 qaam
663 3483 853 3560 maxime„
871 3485 947 3547 loca
972 3485 1130 3548 vadante
1158 3483 1252 3548 edita
1282 3484 1505 3568 explicantur
1511 3528 1538 3564 ‚„.

351 3591 357 3598 ’
406 3597 651 3672 emendantur,
684 3599 736 3660 uel
755 3596 889 3661 nouiter
909 3597 1106 3677 eduntufl).
1161 3597 1384 3692 Excudebat2)
1405 3600 1523 3664 Petrus

409 3711 447 3772 de
469 3709 499 3771 la
522 3708 679 3772 Rouiere.
704 3730 802 3773 sinor.
825 3709 858 3772 8.
875 3731 912 3792 p.
930 3709 1004 3774 157.
1020 3731 1066 3754 -'
1084 3721 1152 3774 tum
1172 3709 1333 3777 Dosithei
1345 3696 1526 3796 'Magistri

463 3934 490 4010 ¹)
509 3935 611 3992 Facile
632 3953 779 4012 agnosces
799 3935 831 3992 in
850 3935 932 3993 bisce
952 3932 1053 3992 verbis
1065 3934 1203 3991 bominis
1224 3935 1387 4011 ingenium.

394 4077 397 4084 .
463 4031 488 4101 2)
509 4030 668 4096 Genevae,
696 4028 749 4086 ubi
777 4041 851 4086 tunc
876 4030 1021 4104 temporis
1050 4026 1175 4104 degebat
1200 4027 1374 4086 Goldastus.
1415 4028 1527 4084 Exem-

408 4108 502 4200 plaris
531 4125 589 4180 mei
621 4125 695 4180 haec
728 4135 773 4180 est
806 4121 1007 4198 subscriptio:
1054 4122 1291 4176 Bartholomaeus
1320 4122 1527 4191 Schobingerus

409 4221 432 4273 I.
455 4221 489 4272 U.
507 4219 547 4273 D.
568 4218 686 4294 (fautor
705 4219 731 4274 is
751 4228 817 4274 crat
836 4217 993 4286 Goldasti)
1012 4236 1062 4269 suo
1081 4218 1181 4270 insucae
1193 4217 1309 4271 Maleto
1329 4216 1411 4290 (sive
1430 4218 1527 4270 Picto-

410 4319 470 4378 rio,
501 4314 548 4368 eui
576 4311 716 4369 debemus
739 4310 880 4368 'Lexicon
901 4310 1250 4386 Latino-germanicum,
1285 4313 1365 4369 inter
1383 4312 1527 4387 primaria

410 4407 510 4464 nostri
530 4408 678 4464 sermonis
700 4406 877 4475 documenta
895 4405 1195 4481 annumeranduma)
1220 4407 1262 4462 D.
1281 4407 1321 4463 D.
