3422 5406
403 449 443 512 10

464 589 503 652 ln
526 577 656 652 eandem
680 548 1023 672 cnm'Hegewischiox
1033 587 1251 652 coniecturam
1274 609 1385 652 rursus
1408 587 1520 654 incidit

399 723 531 788 eamque
554 699 766 768 confidentius
786 699 882 764 etiam
896 703 1039 784 probare
1054 698 1238 764 hominibus
1253 698 1387 764 eruditis
1401 699 1521 764 studuit

384 812 563 889 'Pertzius.
609 815 692 889 Sed,
715 822 749 875 ut
774 835 886 886 verum
914 812 1035 890 fatear,
1065 824 1252 898 argumenta
1277 811 1344 876 eius
1366 828 1545 898 perquam-1*
1620 851 1623 862 .

397 925 525 989 infirma
560 923 638 989 mihi
672 923 834 988 videntur.
890 923 1023 990 Scilicet
1058 945 1076 989 e
1118 924 1266 990 ductibus
1298 922 1520 1008 inscriptionis

396 1036 473 1102 folii
495 1058 566 1101 nvn.
590 1036 676 1101 nulla
697 1057 835 1123 unquam
855 1013 926 1102 arte
947 1038 1048 1102 facies

490 1268 544 1293 ..
575 1267 587 1292 .
622 1270 633 1292 .
675 1176 934 1334 helperlns
960 1237 1017 1286 ,τ
1043 1156 1420 1340 Anglrelpertus

332 1434 334 1439 -
395 1389 541 1458 Primum
562 1390 651 1456 nihil.
666 1393 753 1456 deest
775 1403 847 1456 ante
868 1392 1007 1477 primam
1028 1391 1156 1458 literam

394 1730 454 1784 -3
478 1707 591 1773 deinde
611 1711 675 1773 duo
698 1721 771 1774 sunt
792 1710 968 1787 vocabula,
993 1709 1094 1792 divise
1114 1709 1252 1793 scripta,
1274 1721 1310 1772 ut
1323 1731 1366 1774 ex
1382 1707 1515 1776 Canisio

286 1855 292 1867 ι
393 1821 519 1885 discere
542 1831 671 1906 poterat
693 1821 758 1884 Vir
780 1821 1000 1898 doctissimus3
1024 1824 1113 1908 quod
1135 1821 1233 1887 tertio
1252 1822 1329 1887 loco
1351 1833 1382 1886 et
1403 1824 1516 1906 Hege-

358 1953 366 1961 “
391 1932 550 1997 wischins
565 1944 597 1996 et
613 1933 763 2017 Pertzius
782 1933 890 1998 dicunt
907 1938 945 1999 de
956 1933 1095 1998 Homeri
1109 1933 1304 2020 cognomine
1315 1932 1515 2018 Angilberto

334 2103 337 2108 .
392 2067 410 2106 a
429 2045 556 2110 Karolo
575 2044 695 2126 indito,
715 2035 826 2110 uersus
840 2047 892 2111 74.
914 2045 993 2111 mihi
1009 2057 1124 2120 contra
1138 2049 1357 2111 demonstrare
1369 2045 1513 2121 videtur,
1615 2061 1618 2066 ’

216 2156 219 2164 ’
275 2183 277 2194 ’
390 2158 477 2220 hunc
509 2168 596 2221 certe
619 2157 811 2242 scriptorem
844 2181 883 2224 eo
912 2158 1107 2246 cognomine
1134 2180 1295 2246 nunquam
1320 2181 1410 2246 usum
1430 2178 1512 2222 esse.

392 2267 498 2332 Nimis
519 2268 602 2333 enim
623 2268 731 2352 ine'pte
755 2269 904 2336 dixisset:

504 2394 597 2463 Atque
614 2397 674 2444 suis
692 2389 836 2468 (Karoli)
856 2392 942 2446 dictis
953 2381 1096 2465 facundis
1113 2393 1188 2446 cedit
1203 2394 1345 2446 Homerus

393 2549 409 2578 „
421 2475 517 2567 ierus
537 2503 678 2580 scilicet,
702 2504 790 2569 cuius
811 2516 844 2569 tu
860 2504 939 2569 mihi
954 2527 1069 2571 nomen
1083 2504 1302 2588 imposuisti.’‘
1345 2502 1511 2588 Denique,

391 2619 481 2698 quod
501 2614 534 2679 in
560 2615 707 2700 laudibus
728 2618 866 2682 Berthae
885 2617 1015 2682 tributis
1035 2617 1240 2682 tenerrimum
1265 2614 1414 2700 coniugis
1434 2610 1512 2680 affe·
1607 2594 1609 2598 ¹

391 2739 477 2791 ctum
502 2704 735 2811 persentiscere
764 2728 827 2794 sibi
854 2733 941 2794 visus
971 2741 1018 2794 est
1043 2727 1213 2809 Pertzius‚
1250 2727 1399 2815 equidem
1421 2725 1455 2791 id
1478 2725 1513 2790 in
1554 2751 1565 2774 1

391 2862 501 2905 omnes
523 2847 580 2904 sex
599 2841 718 2906 Karoli
740 2841 840 2918 filias,
863 2857 998 2928 quarum
1021 2841 1140 2910 mentio
1163 2844 1218 2918 fit,
1246 2861 1407 2927 peraeque
1432 2861 1513 2925 qua·

391 2956 485 3017 drare
509 2952 666 3019 arbitror.
711 2955 779 3019 Fac
802 2954 903 3034 enim,
931 2954 1159 3040 Angilbertum
1185 2945 1427 3028 nonBerthae,
1456 2953 1512 3015 sed

391 3064 520 3129 Gisalae
537 3066 588 3130 vel
604 3045 820 3133 Theodrudae
832 3068 979 3132 maritum
998 3066 1116 3152 luisse,
1139 3066 1211 3150 pari
1225 3064 1295 3130 inre
1310 3063 1511 3150 coniugalem

389 3199 532 3242 amorem
564 3177 598 3242 in
630 3199 738 3244 earum
770 3180 915 3246 laudibus
945 3180 1042 3245 tacite
1076 3159 1258 3266 si‘gnilicari
1290 3176 1351 3266 tibi
1386 3177 1511 3261 fingere

388 3289 531 3375 poteris,
565 3314 662 3378 quum
685 3292 824 3356 eiusdem
846 3294 916 3359 sere
941 3290 1096 3379 ponderis
1117 3263 1148 3356 el
1171 3289 1296 3357 coloris
1318 3288 1427 3376 elogia
1448 3288 1518 3352 sint·

388 3400 523 3489 singulis
540 3402 606 3467 illis
627 3403 742 3486 puellis
766 3404 899 3472 tributa.

451 3514 563 3580 Nolim
581 3538 663 3601 ergo
688 3517 755 3586 sine
775 3518 841 3581 nlla
860 3531 947 3583 certa
967 3517 1177 3594 auctoritate,
1200 3517 1299 3582 immo
1323 3526 1437 3580 contra
1452 3535 1509 3577 ex·

387 3649 531 3712 pressum
555 3629 770 3694 testimonium
791 3630 895 3708 illius,
920 3630 974 3694 cui
994 3634 1128 3695 debetur
1148 3627 1321 3714 inscriptio
1344 3624 1509 3712 antiquior

329 3787 337 3796 -
389 3737 478 3804 cod.
504 3739 709 3818 Turicensis,
733 3741 880 3828 cogitare
903 3743 1173 3830 de'Angilberto.
1423 3745 1425 3752 ’

452 3852 517 3918 Sed
539 3874 615 3917 ecce
635 3875 720 3918 nova
743 3853 849 3918 oritur
873 3855 1046 3922 difficultas
1074 3878 1117 3920 ex
1139 3853 1284 3920 Fabricii
1308 3851 1399 3919 Bibl.
1422 3855 1507 3918 med.

388 3975 420 4030 et
440 3965 501 4029 inf.
524 3966 601 4029 Lat.
625 3964 723 4058 Tom.
739 3967 768 4029 l.
790 3971 825 4051 p.
850 3969 926 4033 347.

451 4075 596 4154 „Lavini
618 4077 709 4160 (aliis
726 4079 835 4162 Ferii)
857 4079 1040 4165 Hilperici,
1069 4079 1220 4146 monachi
1238 4077 1508 4165 Selingestadien-

267 4219 272 4228 ·
387 4190 447 4267 sis,
472 4189 611 4256 Carmen
631 4195 669 4256 de
691 4215 870 4278 congressu
894 4194 1008 4260 Caroli
1026 4197 1080 4260 M.
1104 4207 1135 4258 et
1156 4193 1280 4258 Leonis
1304 4193 1414 4276 Papae
1433 4212 1508 4253 ver·

386 4303 475 4366 sibus
500 4303 694 4368 hexametris
728 4328 798 4368 cum
830 4306 917 4373 uotis
947 4306 1110 4373 Goldasti.
1164 4307 1314 4370 Generae
1345 4305 1439 4368 1600.
1473 4305 1506 4366 l.

388 4414 518 4481 Primus
541 4415 685 4482 ediderat
706 4416 855 4486 Caninius
873 4423 971 4486 Tom.
994 4443 1041 4486 vr.
1065 4417 1182 4506 Antiq.
1205 4421 1316 4484 Lectt.
1333 4439 1413 4504 pag.
1430 4418 1506 4482 519.
