3422 5406
323 431 425 491 ..t

465 569 531 633 IX.
556 568 631 634 Sine
642 567 761 635 iudice.
784 561 1064 652 Disputatione'ul'a
1077 573 1115 634 de
1127 535 1386 636 VIISmiraculis
1398 571 1503 635 mnndi
1510 615 1521 648 ‚

400 680 491 746 miris
510 682 637 747 inbellis
656 682 794 759 referta,
832 705 926 769 quam
955 681 1065 765 reperi
1085 681 1195 746 itidem
1223 681 1256 746 iu
1279 683 1408 748 Salustii
1432 683 1520 749 Cod.

399 794 577 860 Basileensi
599 798 672 858 See.
693 797 741 859 X.
786 795 930 880 Pagiuae
954 798 1032 859 duae
1056 819 1127 858 cum
1149 795 1293 860 dimidia.

454 902 511 971 X.
536 905 611 971 Sine
633 906 752 971 iudice.
799 906 1043 983 „Dilectissimo
1065 906 1231 1004 filiomeo
1257 908 1375 990 daphni
1397 909 1521 974 albinus

399 1032 493 1104 pater
515 1020 660 1084 salutem.
695 1019 769 1107 quia
799 1020 1000 1103 primumde
1021 1040 1225 1084 numerorum
1248 1020 1373 1084 ratione
1399 1042 1521 1084 mecum

372 1131 519 1218 ¹egisti”
541 1145 606 1196 cet.
651 1131 796 1216 Paginae
818 1143 985 1218 quattuor.
1020 1133 1058 1196 Iu
1081 1133 1214 1197 Alcuini
1237 1132 1520 1222 opp.t.p.los.

459 1245 525 1309 XI.
550 1244 624 1310 Sine
645 1243 765 1308 iudice.
811 1247 865 1308 Ab
891 1246 1000 1309 eadem
1024 1243 1080 1308 illa
1101 1266 1192 1308 mauu
1217 1248 1290 1308 Sec.
1307 1245 1411 1322 XVI,
1437 1267 1519 1329 quae

365 1373 374 1390 ·’
398 1369 513 1422 nostro
532 1355 676 1442 poemati
699 1357 813 1422 indidit
826 1356 966 1452 tabum,
996 1368 1031 1422 ut
1055 1357 1198 1434 videtur,
1229 1357 1401 1441 scriptoris
1425 1379 1519 1439 prac-

394 1491 511 1535 nomeu
533 1468 633 1545 Ferit,
671 1468 765 1546 huic,
795 1473 884 1556 quod
909 1469 1070 1556 sequitur,
1094 1469 1131 1552 in
1153 1470 1296 1555 margine
1321 1469 1517 1552 adscriptum

397 1593 463 1646 est:
494 1583 694 1661 Theoclrtlfi.
740 1581 879 1666 Incipit:
1149 1663 1150 1668 η
1264 1671 1265 1676 ¹

461 1697 596 1770 „Aurea
626 1717 699 1758 nam
733 1698 841 1759 decem
871 1694 1034 1759 transmisi
1062 1667 1161 1780 poma
1191 1693 1338 1760 sorori.’'
1392 1687 1518 1759 Versus

362 1809 365 1816 ’
394 1805 526 1892 viginti.
570 1807 792 1894 Pagina'una.
1321 1851 1323 1855 ,
1462 1869 1464 1874 .

457 1919 541 1984 XII.
565 1921 620 1986 Ab
641 1923 750 1984 eadem
774 1943 865 1988 manu
887 1922 963 1985 Sec.
986 1921 1090 1985 XVI.
1113 1919 1385 2004 superscriptum:

477 2104 479 2113 ,
618 2034 807 2112 Tlreodulsr
828 2035 875 2096 od
896 2031 1063 2124 Ainlfum
1085 2032 1174 2114 (sic)
1196 2021 1286 2117 ep-m.

282 2141 288 2152 '
394 2146 499 2220 „Hoc
518 2144 670 2210 modoine
690 2144 749 2209 tibi
772 2146 960 2210 theodollus
982 2145 1095 2230 dirigit
1116 2146 1228 2209 exul.''
1272 2143 1416 2231 Paginae
1435 2141 1513 2208 xiu.

388 2277 424 2320 v.
447 2254 571 2320 canisii
591 2258 702 2321 neec.
722 2258 771 2320 11.
793 2259 825 2320 r.
849 2280 884 2341 p.
906 2233 1058 2323 e's-eo,

354 2355 356 2360 ¹
452 2369 555 2436 XIII.
579 2370 634 2433 Ab
657 2372 766 2434 eadem
788 2391 880 2434 manu
899 2373 973 2434 See.
992 2371 1094 2435 XVI.
1118 2369 1391 2455 superscriptum:

824 2483 965 2567 Agiulfl
987 2483 1075 2564 (sic)

389 2595 546 2671 „Ludere
569 2577 794 2677 nemopotest
813 2617 907 2658 versu
926 2595 993 2658 sine
1010 2596 1083 2681 lege
1098 2595 1241 2678 polito.”
1285 2595 1428 2679 Pagiuae
1443 2617 1506 2660 vn.
1534 2679 1536 2684 Ι

386 2708 427 2773 Iu
450 2705 575 2773 Cauisii
596 2710 707 2772 Lectt.
727 2708 779 2770 ΙΙΙ.
804 2709 836 2772 2.
858 2730 893 2791 p.
915 2709 969 2774 69.
994 2707 1113 2773 rectius
1131 2707 1286 2771 tribuitur
1304 2709 1385 2772 haec
1403 2708 1506 2792 elegia

385 2819 568 2885 Modoino.
1262 2815 1266 2824 ’
1501 2885 1505 2906 ,

448 2933 551 2997 XIV.
575 2931 651 2998 Sine
665 2917 784 2999 indice.
818 2932 970 3015 Dionysii
987 2933 1123 2999 Catonis
1140 2931 1289 2996 disticha.
1332 2934 1506 3020 Pag.x1v.

386 3042 504 3110 Codex
525 3047 566 3107 ab
588 3044 826 3131 Ha'genbuchio
853 3045 989 3110 collatus
1010 3045 1043 3108 in
1064 3068 1154 3108 usum
1176 3044 1360 3109 Arutzeuii.
1404 3048 1507 3111 Prae·

384 3156 487 3232 latio,
526 3155 639 3221 ordine
671 3155 873 3240 potissimum
910 3160 1102 3234 verborum,
1140 3159 1308 3222 admodum
1342 3157 1505 3241 discrepat

384 3270 425 3332 ab
448 3267 546 3333 edita.

447 3383 530 3445 XV.
554 3381 630 3447 Sine
652 3380 770 3446 iudice.
816 3382 955 3450 Carmen
974 3387 1013 3448 de
1033 3382 1227 3450 Philomela.
1254 3432 1258 3441 ,
1275 3385 1378 3458 „Sum
1398 3381 1505 3447 noctis

324 3568 330 3573 ,
382 3492 490 3570 socia,
527 3515 595 3558 sum
626 3506 736 3558 cantus
770 3495 872 3560 dulcis
904 3495 1042 3560 amica.”
1101 3495 1227 3582 Pagina
1256 3517 1330 3558 uua.
1389 3493 1502 3559 Edidit

383 3604 559 3686 G'oldastus
581 3606 614 3670 in
636 3609 924 3689 (Pseud0·)0vidii
949 3607 1122 3691 Opusculis
1143 3630 1179 3690 p.
1204 3609 1257 3670 tt.

444 3720 547 3783 XVI.
584 3713 738 3805 Sequitur
766 3731 911 3787 nostrum
938 3724 1072 3805 poe'ma,
1107 3723 1145 3784 de
1172 3742 1238 3806 quo
1266 3719 1501 3804 posteavfusius

365 3821 627 3914 'explicabimus
672 3829 816 3916 Pagiuae
833 3855 907 3896 xxr.

443 3926 562 4009 XVII.
588 3943 661 4008 Sine
680 3943 798 4009 indice.
843 3943 976 4010 Scholia
997 3943 1120 4008 inedita
1146 3942 1180 4008 in
1203 3945 1247 4026 Q.
1272 3942 1384 4009 Sereni
1409 3945 1499 4008 Sam·

380 4054 501 4121 mouiei
521 4059 640 4139 poe'ma
663 4049 832 4121 medicum.
877 4056 1021 4142 Pagiuae
1042 4060 1121 4121 duae
1146 4079 1216 4120 cum
1234 4055 1376 4119 dimidia.

441 4167 582 4232 XVIII.
605 4167 907 4234 CONFLICTVS
923 4170 1064 4235 VERIS
1080 4172 1143 4234 ET
1158 4168 1344 4233 HIEMIS.·
1381 4166 1498 4243 „Cou-

379 4279 511 4344 veuiuut
538 4279 646 4345 subito
683 4280 791 4344 cuncti
828 4285 867 4346 de
897 4281 1059 4347 montibus
1087 4279 1191 4348 altis.'’
1234 4273 1378 4366 Paginae
1403 4283 1496 4346 duae.

352 4372 587 4478 'Adseriprum
603 4395 643 4456 ab
657 4395 765 4458 eadem
778 4395 959 4492 manupae.
975 4396 1076 4460 XVI.
1108 4392 1235 4458 Bedae.
1267 4391 1496 4472 Cir.·Leyseri
