3422 5406
1212 427 1288 500 lla

168 585 272 650 Liber
294 581 578 650 III.³continen's
611 578 694 645 Divi
726 577 877 644 Adriani
909 583 1011 664 Imp.¹
1030 577 1223 646 Sententiae
1255 591 1290 644 et
1335 629 1336 639 ,

167 698 358 781 Epistolas.
390 693 601 760 MELIOR
633 693 971 758 HAMENVELTO
1009 691 1288 758 GOLDASTVS

169 809 364 873 maximnm
381 820 520 891 partem
541 806 662 881 anxit,
692 805 902 880 emendavit,
934 788 1131 869 illustravit.
1177 807 1290 869 Excu-

168 925 264 985 debat
288 921 405 985 Petrus
431 922 468 982 de
489 919 521 981 la
539 917 696 982 'Rouicra
722 939 819 981 macr.
843 917 875 981 8.
898 931 976 1002 pag.
1001 917 1053 979 72.
1088 949 1129 960 -
1165 927 1231 980 tum
1256 917 1290 980 iu

74 1083 82 1094 ,
167 1031 402 1100 Paraeneticis
432 1029 593 1100 Goldasti.
648 1029 776 1097 Insulae
807 1032 846 1092 ad
881 1027 984 1092 lacum
1012 1011 1287 1123 heroniumcet.

170 1147 267 1209 1601.
298 1124 375 1220 ab,
395 1143 428 1206 iu
448 1141 724 1208 Adnotationibus
748 1145 788 1204 ad
814 1140 1026 1217 Petronium,
1067 1141 1203 1226 deniqne
1234 1140 1290 1204 ubi

131 1273 135 1280 '
169 1257 308 1322 maxime
334 1256 368 1319 id
395 1258 619 1339 exspectabas,
656 1253 858 1318 iuGoldasti
878 1253 1232 1318 animaduersionibus
1254 1253 1292 1316 in

110 1435 112 1440 ,
171 1369 417 1454 Eginhardnm
438 1370 481 1432 ab
502 1373 533 1434 I.
556 1373 604 1433 H.
628 1367 866 1444 schminckio,
891 1365 1035 1446 Traiecti
1058 1388 1127 1431 cro.
1141 1387 1187 1429 ro.
1201 1387 1291 1430 ccxr.

170 1481 284 1558 editis,
307 1503 346 1544 ne
364 1503 460 1544 unum
476 1482 604 1567 quidem
619 1476 789 1562 Helperici
804 1477 996 1543 versiculum
1013 1489 1185 1554 memorat;
1208 1482 1291 1542 unde

92 1617 95 1624 ’
171 1593 316 1658 videmus
345 1613 434 1668 eum,
474 1615 570 1679 quum
603 1604 718 1655 tamen*
738 1590 805 1655 eius
838 1570 965 1654 carmen
996 1592 1092 1654 cdere
1119 1589 1290 1675 aliquando

172 1716 322 1789 cuperet,
346 1703 506 1790 multaque
528 1704 589 1768 alia
608 1703 723 1768 similia
742 1713 890 1767 accurate
913 1701 1103 1789 lectitasset,
1126 1702 1203 1767 huic
1221 1703 1293 1767 uul-

170 1818 235 1881 lam
258 1839 358 1900 paene
383 1839 491 1880 curam
515 1816 719 1899 impendisse.

234 1930 360 1996 Deinde
385 1951 450 2015 quo
480 1927 583 2004 miuus
612 1928 1015 2013 statuamus‘Helpericum
1043 1929 1162 1994 editum
1175 1951 1251 1994 ‘esse
1274 1951 1292 1994 a

172 2042 351 2118 Goldasto,
376 2039 498 2105 faciunt
520 2039 553 2102 in
575 2040 688 2124 primis
710 2044 810 2106 verba
832 2041 1068 2128 schobingeri,
1092 2065 1174 2129 quae
1196 2065 1296 2127 supra

174 2155 349 2230 attulimus;
372 2155 454 2216 uude
471 2153 670 2218 manifestum
681 2145 873 2218 fit'liuellum
883 2155 1028 2218 certedie
1040 2156 1094 2218 00.
1108 2154 1182 2219 Iulii
1196 2157 1291 2220 1601.

56 2273 62 2284 ’
147 2271 315 2332 ‘nondum
342 2265 511 2349 prodisse:
549 2277 616 2328 tum
642 2269 731 2351 quod
762 2270 871 2330 eadem
904 2285 986 2331 vana
1022 2267 1221 2354 exspectatio
1254 2272 1292 2344 de

146 2379 287 2444 *Idacio
321 2378 586 2465 Fredegarioqne
613 2381 737 2443 edendo
768 2390 857 2443 mota
886 2390 934 2444 est
965 2402 983 2443 a
1015 2379 1130 2444 critico
1161 2392 1292 2458 nostro,

174 2492 270 2557 Adde
298 2513 404 2594 acrem
425 2490 645 2575 schobingeri
671 2489 961 2573 expostulationem
982 2493 1069 2574 (Ep.
1089 2494 1143 2558 19.
1167 2515 1201 2575 p.
1224 2495 1292 2572 60.)

177 2603 271 2682 „Ubi
300 2625 381 2668 vero
407 2604 487 2666 fides
508 2613 562 2665 tua
585 2605 623 2666 de
644 2601 838 2679 Valeriano,
870 2602 1083 2685 Dosithe01),
1117 2604 1292 2688 Arnulpho

175 2729 208 2781 et
229 2715 367 2781 ceteris?
396 2737 535 2802 quorum
553 2713 725 2779 editionem
745 2725 797 2779 tot
817 2714 918 2779 literis
937 2714 1104 2794 iactatam,
1132 2716 1295 2800 proximis

174 2825 874 2913 nundinisFrancofurtensibusnequicquam
888 2827 1156 2911 exspectavimus.
1176 2830 1294 2904 †falsa

174 2964 231 3025 spe
249 2961 314 3005 non
332 2940 549 3023 produceres,
571 2937 604 3002 in
619 2941 772 3003 ruborem
788 2962 855 3017 me,
878 2940 933 3027 qui
952 2944 990 3005 de
1004 2941 1069 3005 illis
1088 2942 1185 3005 multa
1200 2964 1294 3026 saepe

174 3055 261 3136 apud
280 3050 400 3115 amicos
422 3049 629 3133 praedicavi,
662 3053 724 3115 hac
743 3063 797 3114 tua
814 3049 1024 3118 frustratione
1047 3075 1112 3117 uon
1135 3053 1292 3118 dedisses!

175 3164 283 3248 Culpa
298 3186 347 3227 me
364 3162 486 3226 Hercle
506 3182 571 3226 nou
590 3183 697 3240 cares,
720 3167 776 3228 sed
791 3164 905 3249 dignus
917 3164 1085 3230 acerbiore
1101 3166 1293 3242 monitione,

176 3275 334 3340 amicitiae
356 3287 487 3341 nostrae
516 3296 584 3338 eam
608 3279 759 3341 condono
781 3279 843 3341 hac
863 3276 953 3360 lege,
984 3287 1019 3339 ut
1041 3299 1135 3362 quarn
1156 3276 1295 3360 primum

176 3390 263 3454 eluas
286 3409 398 3475 meque
420 3367 657 3471 suspicione‘et
678 3387 894 3452 sollicitudine
917 3387 1070 3452 liberes.''
1091 3423 1133 3434 -
1152 3423 1195 3435 -
1217 3389 1294 3458 Kal.

175 3503 343 3567 Novemb.
367 3501 461 3564 1601.
506 3497 632 3564 Deinde
653 3499 686 3562 in
708 3501 774 3584 Ep.
799 3501 852 3564 75.
877 3503 909 3564 d.
933 3517 1038 3563 mense
1067 3499 1193 3563 Martio
1223 3500 1296 3564 anui

178 3613 273 3677 1602.
317 3613 491 3676 Forsterus
515 3610 634 3706 gratias
656 3611 722 3696 agit
745 3616 784 3676 de
806 3611 909 3676 missis
931 3611 992 3674 sibi
1014 3634 1032 3674 a
1050 3612 1209 3676 Goldasto
1225 3615 1296 3676 Va·

175 3724 302 3789 leriauo
325 3735 357 3788 et
377 3722 556 3800 Dositheo,
593 3726 632 3787 de
655 3707 833 3806 Helperico
865 3724 962 3790 altum
983 3736 1092 3788 teneus
1123 3723 1295 3788 silentium.

177 3809 327 3903 Cauisiris
338 3857 441 3919 porro
454 3857 537 3899 anno
547 3835 640 3898 1601.
650 3858 745 3921 quum
754 3835 890 3919 primum
899 3839 1120 3919 productuma
1135 3857 1168 3898 sc
1180 3857 1197 3898 e
1209 3847 1298 3898 tene·
1353 3864 1356 3870 ·

174 3948 247 4012 bris
258 3945 468 4030 Helpericum
486 3946 706 4031 gloriaretur,
717 3950 883 4033 quomodo
898 3947 1052 4034 ignorare
1065 3946 1191 4031 potuit,
1212 3946 1296 4010 idem

175 4043 267 4125 tauto
289 4070 360 4122 aute
381 4057 568 4142 praestitum
590 4080 658 4123 esse
681 4061 720 4121 ab
743 4058 891 4123 aemulo?
935 4059 1088 4124 Barthius
1104 4071 1206 4122 autem
1225 4059 1297 4147 Ad·

176 4192 376 4236 vers.xr.v1.
400 4172 432 4234 2.
454 4193 491 4254 p.
513 4169 609 4233 2124.
633 4191 727 4256 quam
749 4171 930 4234 dubitanter
945 4163 1110 4256 loquitur!
1158 4175 1177 4246 „'
1185 4170 1294 4235 Audio
1366 4157 1369 4163 ¹

193 4423 200 4432 '
232 4411 258 4487 ¹)
277 4413 322 4471 De
344 4386 514 4472 Valeriano*
528 4423 558 4471 et
577 4411 721 4470 Dositheo
739 4410 829 4472 fidem
848 4411 941 4470 solvit
960 4410 1072 4469 eodem'
1085 4429 1175 4469 anno.
