3422 5406
198 625 305 708 Super
326 623 377 688 his
398 633 491 688 manu
512 624 567 688 illa
583 623 657 689 Sec.
674 625 795 700 xvh,
817 643 912 709 quam
934 621 1107 709 aliquoties
1120 622 1183 687 iam
1197 628 1319 689 memo·

197 759 343 802 ravimus
354 760 363 802 z

347 862 447 912 Fertur
465 861 631 932 Helperr'eus
648 869 751 914 auctor
768 876 825 931 ως.
843 863 989 913 carminis.

196 971 351 1058 Sequitur
371 973 455 1038 folio
479 995 563 1036 uvir.
587 994 716 1037 carmen
738 983 894 1036 nostrum.

260 1087 315 1148 Ex
332 1087 399 1149 hoe
420 1084 524 1168 igitur
550 1084 675 1149 Codice
696 1082 809 1159 fluxit,
842 1087 931 1169 quod
955 1087 1055 1166 poeta
1075 1084 1197 1147 Furius
1221 1085 1316 1146 Her.-

192 1219 328 1260 rerrcus
349 1195 498 1260 audiebat
522 1200 607 1280 apud
624 1183 816 1272 nonnullos,
840 1194 938 1259 veluti
953 1199 1039 1278 apud
1054 1195 1314 1280 Schobiugerum

192 1308 304 1392 Epist.
326 1309 572 1400 adGoldastnm
593 1331 672 1372 xnv.
691 1331 726 1390 p.
743 1310 798 1372 54.
819 1311 871 1371 ed.
893 1307 1119 1382 Tbuelemar.,
1143 1307 1313 1372 Bartbium

192 1423 375 1488 Adversar.
396 1423 453 1496 46,
469 1423 502 1484 9.
518 1444 554 1503 p.
578 1421 729 1500 2121.¹),
752 1420 906 1486 Vossium
925 1423 964 1483 de
983 1421 1092 1502 poe'tis
1112 1421 1188 1483 Lat.
1205 1443 1241 1502 p.
1257 1422 1312 1485 69.

192 1536 301 1600 Amet.
322 1535 467 1613 totta),
490 1533 606 1598 Olaunr
626 1531 836 1597 Borrichium
858 1531 947 1596 Diss.
970 1535 1010 1596 de
1031 1530 1140 1614 poetis
1161 1554 1198 1614 p.
1220 1533 1313 1611 843)

190 1647 416 1728 Polycarpum
447 1647 624 1726 Leyserum
650 1644 780 1710 Histoe.
810 1648 905 1728 poe't.
928 1656 959 1707 et
980 1648 1092 1726 poe'm.
1123 1642 1219 1708 medii
1240 1643 1313 1708 aeri

188 1779 226 1844 p.
250 1759 326 1822 213.
337 1760 370 1837 ¹⁴)

253 1871 323 1934 Iam
344 1869 467 1953 primus
488 1869 613 1946 editor,
638 1868 803 1946 canisius,
828 1869 909 1932 vidit
922 1872 1041 1953 po'e'ma
1057 1881 1203 1934 nostrum
1219 1891 1310 1935 eom-

187 1981 332 2066 positum
364 2004 432 2046 esse
455 1985 495 2044 ab
517 1980 643 2067 aequali
663 1981 774 2068 aliquo
797 1981 911 2046 Caroli
933 1981 1051 2067 Magni
1070 1981 1188 2067 ipsius,
1225 2005 1309 2048 anno

186 2096 264 2159 800.
288 2094 342 2158 vel
363 2094 472 2177 paullo
499 2106 588 2177 post.
632 2096 716 2157 Nam
746 2098 836 2181 quud
866 2093 996 2156 dubium
1018 2105 1148 2177 poterat
1167 2095 1308 2160 fortasse

187 2206 315 2271 moveri
326 2227 370 2270 ex
388 2228 446 2282 eo,
470 2209 559 2293 quod
575 2205 682 2271 Leoni
698 2227 715 2268 a
736 2205 862 2270 sicariis
879 2209 1016 2270 effossos
1031 2207 1163 2283 oculos,
1185 2207 1306 2272 abscis-

186 2339 253 2383 sam
275 2319 436 2404 linguam,
473 2322 528 2382 sed
560 2318 665 2382 statim
697 2317 796 2382 divini
829 2318 965 2382 nurninis
992 2317 1025 2381 vi
1049 2330 1145 2404 atque
1169 2332 1247 2384 nutu
1276 2332 1308 2384 et

187 2429 329 2518 linguam
352 2442 384 2493 et
405 2431 519 2495 oeulos
534 2451 603 2494 esse
623 2429 788 2495 restitutos
807 2431 922 2507 tradit,
945 2453 983 2495 ea
1000 2431 1108 2494 fabula
1125 2443 1195 2496 erat
1217 2433 1308 2518 vulgi

185 2543 324 2607 libenter
356 2563 374 2605 a
403 2547 504 2625 poe'ta
532 2541 678 2606 suumin
705 2564 795 2606 usum
817 2563 988 2630 conversa.
1032 2542 1160 2608 Etenim
1178 2543 1309 2630 ‚aliquot
1433 2579 1438 2594 ι

185 2653 326 2719 eiusdem
353 2654 466 2718 aetatis
490 2675 556 2719 non
577 2658 694 2737 poetas
718 2654 840 2730 solum,
876 2658 933 2718 sed
958 2654 1051 2719 etiam
1076 2654 1251 2722 historicos
1271 2657 1307 2722 id

184 2766 356 2830 tradidisse
378 2767 453 2830 satis
476 2777 618 2844 constat,
641 2789 739 2853 quum
759 2765 986 2849 prudentiores
1008 2770 1173 2832 dumtaxat
1186 2789 1254 2833 reru
1272 2768 1306 2834 in

184 2879 291 2943 medio
314 2879 581 2965 relinquerent⁵).

237 3153 262 3218 ¹)
288 3149 392 3219 „Ferii
417 3147 566 3223 Hilperici
592 3150 727 3225 quarnvis
756 3165 866 3227 nomen
887 3148 1047 3207 dubietatis
1071 3150 1193 3226 plenum
1215 3156 1256 3210 iit
1274 3166 1305 3212 et

181 3253 358 3319 argumenta
376 3242 496 3297 minime
509 3243 598 3309 vilia,
621 3245 672 3319 qni
691 3263 759 3299 euni
779 3246 939 3319 scriptoris
959 3245 1055 3301 instar
1071 3248 1185 3303 nemini
1199 3260 1304 3306 notum

180 3337 295 3394 saciant
315 3335 514 3411 damnentqne
535 3336 638 3402 titulo,
660 3355 747 3414 quern
763 3339 847 3394 inter
860 3339 1046 3412 posteritatis
1058 3342 1220 3413 praeconia
1240 3360 1305 3399 rne-

180 3433 342 3497 6666666,
364 3447 421 3484 nos
435 3439 536 3485 tamen
557 3439 590 3485 ut
608 3430 660 3486 tali
682 3428 829 3487 vocabulo
850 3430 1014 3487 notandum
1034 3450 1101 3488 euru
1122 3435 1304 3509 scriptorem

181 3525 335 3582 illustrare
350 3523 504 3591 volumus,
527 3525 577 3600 qui
594 3523 695 3581 Caroli
715 3525 757 3582 Μ.
779 3543 848 3581 eum
867 3523 969 3581 Leone
988 3523 1303 3606 Pontificeeongres-

182 3637 249 3676 suut
269 3617 453 3691 descripsit”
472 3626 526 3671 cet.

237 3711 262 3786 2)
282 3711 403 3783 ,Etiam
430 3709 533 3767 Caroli
561 3711 602 3768 Μ.
624 3709 810 3786 temporibus
837 3712 892 3769 fuit
911 3696 953 3780 ii,
989 3715 1039 3789 qui
1067 3731 1120 3770 seu
1147 3733 1220 3772 vero
1247 3735 1302 3776 seu

180 3802 254 3862 freto
273 3807 394 3861 nomine
421 3805 588 3880 appellatur
606 3805 713 3861 Ferius
734 3805 908 3878 Hilperieus
934 3807 1024 3881 (stc).
1058 3837 1090 3851 -
1121 3807 1180 3866 Me.
1202 3823 1301 3870 exstat

180 3897 260 3974 apud
279 3897 434 3956 Helvetios
456 3900 487 3954 in
506 3901 690 3956 monasterio
710 3899 756 3956 St.
778 3899 882 3956 Gelli‘'
901 3911 955 3954 cet.

232 3990 258 4060 ³)
277 3984 450 4062 Hibericum
468 3990 539 4047 huie
557 4011 674 4070 qunque
694 3991 754 4050 diei
772 3993 867 4050 refert
889 3991 1051 4066 Leyserus.
1091 3995 1219 4054 Librum
1238 4017 1300 4057 6ο6

176 4083 286 4142 babeo.

234 4178 261 4252 ⁴)
279 4177 338 4234 Hie
361 4196 429 4235 eum
456 4178 613 4254 distinguit
629 4178 667 4236 ab
685 4181 846 4256 Helperieo
864 4180 1064 4260 sangallensi.
1084 4213 1123 4229 -
1143 4183 1253 4244 Saxiua
1266 4189 1300 4246 in

177 4271 376 4332 Onomastieo
398 4274 494 4330 nostri
515 4277 620 4348 poe‘tee
640 4274 753 4341 nullam
772 4278 843 4334 lacit
860 4278 1052 4333 mentionem.

234 4365 260 4440 6)
280 4364 345 4424 cfr.
368 4365 517 4423 Muratori
535 4370 642 4422 Annali·
660 4371 776 4424 d'Italr‘a
795 4389 870 4424 anno
890 4373 954 4428 799.
977 4369 1030 4426 Ed.
1050 4371 1081 4423 ab·
1103 4372 1193 4428 Roma
1212 4380 1295 4434 1752.

177 4459 946 4537 Tom.1v.P.11.pag.2ot.,Teodolso,veseeeo
965 4463 996 4518 dt
1014 4463 1137 4520 Ortum
1156 4463 1243 4543 (Lib.
1265 4471 1294 4528 ὅ.
1395 4491 1399 4500 ·
1465 4499 1468 4508 =
