3422 5406
468 467 509 530 dl

464 607 631 692 Winigiso
655 617 686 670 et
709 605 815 670 multis
838 604 1013 668 cumulatus
1036 602 1069 668 io
1091 601 1204 667 ordine
1228 601 1333 666 donis.
1525 599 1587 662 uta

466 720 568 786 Audit
587 719 712 784 ltaliam
731 718 845 783 missos
864 717 990 780 venisse
1009 716 1121 780 fideles

466 835 669 896 Francorum
693 841 724 894 et
745 828 870 894 solitam
895 821 1052 894 Romanis
1074 829 1163 894 serre
1184 827 1315 892 salutem

464 946 542 1009 Non
567 943 723 1018 voluisse,
747 966 836 1008 suum
857 942 1008 1028 quoniam
1029 941 1098 1005 sine
1122 940 1217 1024 culpa
1237 950 1401 1022 potentem

432 1050 438 1058 ’
464 1056 641 1141 Suppliciis
668 1039 832 1120 dominum
853 1055 1062 1119 cruciassent.
1108 1055 1195 1117 Mox
1218 1045 1405 1116 marlisestos

465 1169 527 1234 Ille
547 1169 656 1234 venire
676 1168 768 1233 viros
790 1172 830 1232 ad
852 1189 885 1246 se
911 1168 1017 1243 iubet,
1044 1178 1139 1252 atquc
1162 1165 1206 1229 ita
1229 1163 1292 1228 sari
1431 1218 1438 1240 χ
1527 1162 1593 1226 380

464 1281 584 1365 Incipit
608 1313 648 1325 -
670 1292 702 1344 et
724 1291 870 1343 truncata
892 1279 985 1344 brevi
1002 1279 1087 1343 infra
1108 1278 1218 1363 liugua
1239 1277 1379 1360 palatum

466 1392 571 1459 Cursu
595 1405 683 1457 errat
704 1429 744 1440 -
766 1391 926 1476 placidam
950 1395 1142 1474 depromens
1166 1413 1247 1456 voce
1268 1389 1459 1475 loquellam:

466 1505 736 1590 „Vosegotper
757 1527 864 1568 caram
886 1504 1004 1570 Karoli
1028 1503 1165 1568 coniuro
1187 1504 1319 1567 salutem
1354 1534 1356 1539 ·

372 1651 377 1662 κ
464 1618 582 1702 Regis,
606 1630 640 1680 ut
661 1618 796 1683 eiectum
821 1639 870 1680 me
889 1617 1066 1680 defendatis
1080 1617 1119 1688 'in
1142 1611 1261 1692 armis,
1309 1645 1322 1682 t

464 1729 600 1794 Finibus
621 1752 637 1793 a
661 1729 805 1813 propriis
827 1740 858 1793 ct
880 1730 964 1792 sedis
985 1732 1112 1794 honore
1134 1729 1317 1811 repulsum;
1525 1728 1591 1792 385

373 1817 380 1822 .
463 1845 523 1907 Mc
544 1864 673 1928 quoque
695 1841 863 1906 vobiscum
886 1845 927 1904 ad
951 1829 1237 1906 vestrum'ducatis
1259 1839 1402 1923 opImum

465 1958 589 2040 Regem
612 1965 644 2018 et
665 1954 832 2037 praecipui
853 1954 949 2018 liceat
972 1953 1048 2017 mihi
1072 1953 1230 2038 principis
1253 1976 1312 2018 ora

464 2068 626 2144 Cernere,
649 2067 706 2152 qui
726 2067 811 2159 iusto
832 2058 1142 2132 nostros'examinet
1165 2079 1255 2132 actus

462 2179 592 2245 Iudicio
615 2192 646 2243 et
665 2180 784 2242 vindex
802 2179 984 2243 saevissima
1009 2183 1146 2244 verbera
1165 2193 1277 2244 nostra
1347 2219 1350 2229 ι
1373 2163 1376 2170 ¹

465 2291 619 2355 Vindicet
641 2291 797 2376 insignis,
819 2290 924 2355 luctus
944 2291 1160 2379 gemitumque
1186 2315 1352 2380 meumque
1524 2292 1593 2356 390

393 2405 399 2412 '
467 2404 615 2480 Allevet,
639 2407 784 2469 addendo
807 2415 938 2468 nostrae
960 2405 1075 2468 solatia
1102 2404 1201 2469 ritae.

463 2518 558 2602 Ergo
582 2516 669 2602 agite
692 2528 741 2592 et,
763 2527 870 2580 vestra
892 2516 918 2580 si
941 2538 1024 2580 nunc
1043 2517 1123 2580 mihi
1142 2517 1245 2602 gratia
1267 2528 1354 2581 certa
1376 2528 1441 2594 est,

462 2628 590 2712 Eripite
610 2628 661 2692 his
683 2627 797 2705 terris,
821 2629 931 2693 David
953 2651 1002 2693 mc
1028 2629 1194 2706 obtutibus
1216 2629 1307 2693 almis

463 2742 686 2816 Praesentate,
707 2733 795 2817 ¹viri3
819 2740 881 2805 iam
905 2763 964 2805 nos
987 2763 1078 2806 mora
1099 2743 1184 2805 oolla
1206 2746 1347 2807 tenendo

462 2853 628 2936 Inpedient,
653 2853 775 2938 gelidas
794 2875 978 2936 superemus
1002 2854 1150 2919 cursibus
1169 2855 1307 2937 Alpes.''
1521 2855 1595 2920 395

462 2955 555 3031 Ilaec
576 2967 647 3030 Leo
670 2987 766 3048 papa.
812 2965 946 3032 Cohors
969 2969 1170 3032 Francorum
1193 2967 1293 3031 mixta
1312 2966 1439 3032 Latinis

401 3083 406 3090 “’
435 3057 437 3062 ¹
463 3077 815 3162 Obstipuit,'Don1ino
839 3067 947 3164 grates
967 3079 1139 3165 laudesque
1161 3055 1357 3168 rependciis,
1533 3061 1537 3069 ’

399 3195 407 3216 ”
463 3190 528 3271 Qui
548 3209 634 3256 nova
654 3189 803 3274 pontifici
825 3193 979 3255 reddebat
999 3191 1118 3255 lumina
1143 3213 1285 3268 summo,

462 3305 506 3367 Et
525 3305 724 3387 desperatam
748 3299 907 3369 condebat
928 3303 962 3367 in
981 3325 1040 3378 ore
1064 3303 1252 3390 loquellam.
1304 3297 1320 3338 ²

443 3419 509 3503 ¹At
530 3419 668 3482 Germar
685 3428 800 3483 contra
822 3416 968 3480 breviter
990 3415 1037 3480 sic
1059 3416 1196 3482 uocibus
1214 3439 1310 3482 usus:
1523 3419 1600 3480 400

361 3579 371 3598 ,,
464 3531 582 3606 „Lux,
606 3527 909 3614 decusegregium,
931 3529 1129 3618 populorum
1150 3530 1257 3593 lumen
1279 3549 1462 3606 amoenum,

460 3643 580 3707 Pastor
602 3641 821 3724 apostolicus,
844 3646 1042 3705 venerandus
1060 3641 1094 3704 in
1117 3644 1198 3707 orbe
1220 3645 1390 3720 sacerdos,

461 3757 511 3818 Te
533 3757 682 3820 mandare
705 3757 814 3832 decet,
837 3747 1052 3840 quodcunque
1075 3753 1108 3818 in
1132 3758 1232 3818 corde
1253 3755 1399 3832 volutas3
1498 3834 1501 3839 ‚

460 3868 532 3948 Nos
553 3853 669 3951 parcre
691 3866 753 3931 tuis
773 3867 824 3960 las
843 3879 906 3943 cst,
928 3859 1022 3951 p'ater
1042 3867 1185 3950 optime,
1207 3865 1369 3931 iussis!'’,

459 3971 540 4044 Inde
560 3979 623 4044 iter
644 3979 802 4063 incipiunt
822 3980 898 4044 laeti
918 3979 1103 4066 rapidisque
1124 3978 1230 4044 metiri
1520 3984 1598 4047 405

460 4091 636 4167 Passibus3
660 4091 803 4177 Augusti
823 4092 912 4156 iuvat
931 4092 979 4158 ire
999 4095 1040 4158 ad
1059 4091 1169 4155 limina
1191 4092 1318 4177 magni,
1539 4100 1541 4105 '

457 4203 619 4269 Difficiles
639 4205 886 4288 temptare.vias
903 4191 1083 4291 callemque
1100 4185 1251 4270 severum
1279 4278 1281 4284 s

458 4317 619 4392 Vincere;
643 4317 788 4380 certatim
808 4315 936 4382 diversa
954 4341 1013 4401 per
1032 4318 1152 4402 oppida
1171 4329 1324 4402 pergunt.

457 4429 647 4492 Innumerae
670 4442 845 4493 occurrunt
864 4430 981 4512 passim
1002 4435 1042 4510 ad
1066 4431 1247 4513 spectacula
1264 4433 1396 4512 turbae,

1038 4743 1043 4777 i
1095 4789 1100 4797 ι
