3422 5406
440 401 481 466 38

440 543 549 630 Atque
572 539 725 607 Creatori
744 549 852 624 grates
871 538 1043 624 laudesque
1065 538 1284 624 frequentant,

442 653 508 736 Qui
529 674 614 719 nova
636 651 792 736 pontifici
808 649 1102 716 reddebat‘lnmina
1123 673 1246 716 summo

440 769 486 832 Et
508 769 706 850 desperatam
729 767 889 830 condebat
911 763 944 828 in
967 785 1025 830 ore
1047 763 1234 849 loquellam.

368 939 369 946 ,
405 923 414 945 1
440 877 603 944 Exoritur
626 877 766 954 elamor,
784 869 860 948 ¹non
881 881 980 940 ardua
1002 875 1106 959 pulsat
1129 876 1324 958 Olympum:

440 992 546 1056 Intrat
566 989 781 1074 Apostolieus
803 990 932 1058 Karolo
956 993 1089 1054 ducente
1111 991 1224 1064 beato,
1335 1037 1338 1044 ,

368 1155 371 1161 .
443 1085 579 1189 Templa
606 1079 790 1180 creatoris,
814 1101 913 1168 solito
937 1101 1103 1168 sollemnia
1126 1121 1217 1166 more

442 1201 684 1284 Concelebrare
706 1215 763 1300 pio
786 1191 952 1280 missarum
979 1237 1071 1280 sacra
1093 1214 1223 1278 lavore.

417 1328 571 1409 ..Enihine
592 1306 706 1394 officiis
728 1328 845 1392 diuinis
865 1327 927 1393 rite
948 1327 1105 1412 peractis,

441 1442 565 1506 Invitat
587 1441 730 1509 Karolus
752 1441 836 1506 celsa
857 1441 1050 1506 intrateeta
1072 1443 1230 1506 Leonem.

397 1567 399 1572 ’
443 1553 543 1620 Clara
563 1553 649 1618 intus
670 1553 768 1639 pictis
790 1555 940 1625 conlucet
962 1553 1103 1618 vestibus
1126 1554 1214 1628 aula;

243 1661 250 1676 “
358 1687 360 1692 ·
443 1667 556 1744 Auro,
580 1679 673 1733 ostro
696 1679 852 1732 ornantur
873 1667 950 1730 hinc
971 1667 1045 1731 inde
1068 1666 1179 1730 sedilia
1206 1665 1327 1742 multo;

442 1781 498 1846 Ad
519 1801 642 1844 mensas
663 1780 803 1844 resident
825 1779 903 1845 laeti
925 1779 1087 1864 variisque
1109 1779 1258 1842 fruuntur

443 1891 601 1970 Deliciis3
625 1891 730 1958 medio
755 1883 918 1980 eelebrent
939 1889 1091 1958 convivia
1113 1892 1221 1961 teoto:

443 2007 556 2071 Aurea
577 2027 713 2092 namque
733 2017 854 2070 tument
874 2027 934 2089 per
955 2026 1077 2070 mensas
1099 2025 1174 2068 vasa
1197 2005 1352 2070 Falerno·
1450 2023 1456 2046 ¹

417 2157 418 2162 κ
445 2121 520 2183 Rex
542 2119 685 2184 Karolus
706 2117 802 2184 simul
823 2129 855 2182 et
877 2140 1014 2182 summus
1035 2119 1108 2183 Leo
1131 2105 1260 2202 praesul
1281 2117 1315 2182 in
1338 2119 1420 2184 orbe

444 2229 601 2295 Vescitur
624 2244 718 2318 atque
740 2230 855 2294 bibunt
876 2231 996 2315 pateris
1018 2229 1194 2314 spumantia
1221 2229 1309 2298 vina.
1338 2209 1348 2230 ⁴

382 2315 386 2333 Ι
414 2399 416 2405 .
447 2343 530 2408 Post
551 2343 648 2408 laetas
670 2344 781 2428 epulas
802 2343 962 2408 et'duloia
983 2345 1103 2426 pocula
1125 2343 1248 2408 Bacchi
1303 2431 1305 2436 s

427 2455 553 2520 *Multa
573 2455 645 2540 pius
667 2455 785 2541 magno
809 2439 951 2522 Karolus
974 2459 1133 2522 tardona
1154 2455 1275 2522 Leoni.

446 2567 535 2632 Hine
555 2568 658 2638 laetus
678 2548 828 2652 repetens
850 2568 939 2632 aulae
960 2579 1084 2634 secreta
1106 2568 1225 2634 revisit
1244 2570 1257 2578 ”
1357 2639 1364 2642 ,
1445 2645 1449 2650 ¹

447 2683 522 2746 Rex
543 2692 574 2745 et
596 2681 811 2766 Apostolieus
831 2681 1103 2768 repetitquoque
1125 2693 1230 2746 eastra
1251 2683 1396 2748 suornm.

447 2792 530 2859 Cum
552 2791 609 2857 tali
630 2816 649 2856 a
671 2795 800 2860 Karolo
822 2797 895 2860 Leo
912 2796 954 2884 ,fit
976 2807 1143 2879 susceptus
1164 2797 1343 2873 honore,·
1505 2795 1567 2858 535
1671 2765 1672 2816 l

447 2909 614 2972 Romanos
636 2906 764 2994 fugiens
785 2891 995 2994 propriisque
1018 2908 1164 2991 repulsus
1187 2909 1227 2972 ab
1253 2907 1334 2976 oris.

512 3076 702 3158 (Omnibus
725 3077 839 3170 denno
855 3076 1056 3160 perpensis,
1081 3076 1196 3140 uidere
1219 3077 1304 3140 miti
1320 3061 1414 3140 nune
1429 3075 1566 3152 videor,

448 3187 535 3252 nihil
556 3209 766 3273 magnopere
788 3187 970 3272 impedire,
996 3177 1064 3274 quo
1080 3189 1193 3252 minus
1208 3188 1385 3274 Hilperieo
1401 3189 1494 3271 Lupi
1508 3191 1569 3252 hoe

448 3300 625 3364 tribuatur
641 3311 780 3385 poema.
824 3301 955 3384 Quidni
972 3301 1063 3364 enim
1090 3301 1181 3365 idem
1198 3299 1326 3393 fuerit
1354 3313 1388 3368 et
1411 3307 1518 3386 'podta
1538 3313 1569 3364 et

311 3451 314 3460 ‹
424 3443 425 3446 ¹
445 3413 579 3498 pictor,
594 3449 595 3452 κ
609 3414 898 3498 quemadmodum
918 3415 1072 3479 Michael
1093 3417 1249 3498 Angelus
1271 3417 1468 3492 Bonarota‚
1496 3417 1569 3480 Sal·

450 3537 550 3592 nator
568 3529 681 3605 Rosa,
705 3526 877 3595 Hearicue
896 3527 1113 3602 maselinus,
1136 3525 1243 3611 altit)

778 3865 781 3868 .
843 3837 1196 3870 *⁸-
