3422 5406
1259 402 1335 518 o.

267 595 317 661 V.
340 595 462 658 Eadem
482 591 601 679 pagina
619 590 734 677 incipit
756 591 1004 659 Glossarium
976 611 1046 658 sune
1066 593 1185 659 indice.
1268 631 1270 638 ,

270 708 467 788 „Morfoma
496 689 1419 792 (1.1..1οι·ιιιειιιι1ίὶςιιιι.Ανειι·ιιιιοιιο.οιει·1

202 819 348 886 dicare.”
370 833 435 884 oet.
479 819 623 905 Pagiuae
646 822 739 883 duae.

265 933 332 1000 VI.
371 931 446 997 Sine
475 931 594 996 indice.
639 929 922 1015 Disputatiunenla
946 932 984 994 de
1008 929 1155 997 Canone.
1199 931 1322 998 Petitio
1353 951 1367 962 ··

201 1045 415 1116 novitiorum.
461 1043 611 1109 Traditio
634 1043 803 1107 infantum.
848 1041 1033 1108 Promissio
1053 1043 1226 1129 regularis.
1258 1047 1325 1110 Pa·

200 1157 296 1246 ginae
318 1169 501 1265 quattuor*
493 1177 564 1221 cum
586 1155 732 1220 dimidia.
859 1167 861 1172 '
1187 1154 1254 1224 i

265 1271 349 1334 VII.
373 1241 1323 1340 1N01F.F1DESCATHOLICAASCOHIERO-

200 1383 329 1456 NIMO
344 1369 478 1456 ΡΒΒΟ
508 1383 594 1447 edita
625 1392 740 1446 eontra
768 1380 902 1447 arrium.
937 1381 1132 1449 eunomium.
1168 1382 1321 1450 fotinum.
1354 1417 1357 1428 ·

178 1509 182 1516 '
202 1495 425 1560 Manicheum.
448 1493 658 1574 iovinianum.
681 1492 905 1578 apollinarem.
928 1494 982 1558 vel
1002 1505 1128 1560 ceteros
1143 1495 1321 1563 hereticos.

200 1607 347 1694 Paginae
368 1629 439 1672 sex.

264 1697 366 1786 vui.
403 1718 657 1808 nucrprvuu
679 1720 876 1808 unusve.

236 1863 239 1877 ¹
264 1835 325 1898 Est
343 1832 479 1902 scilicet
512 1833 556 1914 Q.
585 1831 699 1897 Sereni
727 1829 922 1897 Sammonici
947 1834 1067 1915 pois'ma
1087 1837 1140 1904 ,de
1172 1833 1321 1900 curandis

200 1944 373 2022 morbis,
363 1967 449 2008 iussu
472 1944 591 2011 Karoli
613 1943 771 2030 Magni
752 1947 792 2008 ab
812 1945 937 2010 Iacobo
960 1944 1069 2010 nescio
1092 1948 1192 2033 quo¹)
1214 1969 1321 2012 emen-

199 2061 327 2138 datum,
355 2069 390 2121 ut
409 2068 545 2141 apparet
565 2080 607 2121 ex
628 2056 746 2122 ultimis
766 2068 920 2144 quattuor
942 2059 1089 2124 versibus
1110 2058 1320 2172 praefationis
1367 2099 1368 2105 ι
1471 2049 1474 2054 ’

200 2173 241 2236 ab
263 2192 303 2236 eo
326 2168 541 2254 praemissae:

312 2285 460 2382 ,Inclitus
480 2311 626 2372 invioturu
646 2311 759 2370 Christi
780 2313 889 2371 uirtute
909 2314 1068 2389 tropheum

309 2402 370 2476 Qui
390 2405 484 2481 regit,
503 2406 577 2463 haee
596 2404 664 2463 fleri
683 2406 793 2466 Karlus
813 2425 868 2466 rex
888 2400 1015 2486 namque
1035 2400 1186 2470 modestus

314 2497 454 2565 Mandat,
474 2509 507 2556 ut
526 2502 558 2556 in
577 2501 669 2556 seclis
689 2501 791 2558 rutilet
811 2503 963 2577 sophisma
982 2503 1108 2560 futuris:

311 2591 400 2670 Legit
408 2592 432 2667 2)
453 2595 532 2652 enim
557 2594 684 2654 famulus
705 2595 774 2652 stilo
794 2598 952 2674 animoque
972 2595 1129 2657 lacobus?

261 2723 439 2808 Exemplar·
455 2723 690 2810 dignissimum,
707 2729 796 2812 quod
812 2750 882 2790 curn
898 2727 1093 2794 editionibus
1112 2729 1317 2808 conferatur,

196 2846 373 2918 propterea
388 2836 544 2915 maxime,
560 2840 648 2924 quod
663 2837 854 2903 nouissimus
870 2839 1007 2916 Editor,
1024 2842 1054 2905 Ι.
1072 2839 1113 2906 C.
1132 2843 1176 2906 G.
1189 2837 1318 2909 Acherss
1370 2895 1371 2898 ,

196 2968 291 3010 mann
314 2949 427 3012 Praei.
447 2970 483 3031 p.
507 2971 601 3013 xxxi.
626 2951 706 3013 haec
727 2950 843 3014 tradit:
870 2951 989 3034 „parci
1010 2951 1120 3038 utique
1142 2965 1213 3017 sunt
1233 2954 1316 3019 anti·
1393 3025 1398 3036 ,
1447 2941 1450 2948 ’

195 3081 278 3147 quae
300 3059 480 3142 scripturae
503 3060 633 3126 codices
654 3063 796 3138 Sauum,
829 3064 873 3126 ita
896 3076 929 3126 ut
948 3085 1025 3131 vere
1047 3064 1208 3142 dubitem,
1239 3065 1334 3153 quin

195 3169 253 3238 uili
283 3193 325 3236 ex
348 3171 530 3236 memoratis
554 3185 639 3238 aetas
660 3175 761 3242 seculi
782 3176 866 3241 XII.
885 3186 938 3240 aut
960 3174 1097 3240 ineuntis
1119 3178 1222 3242 XIII.
1245 3175 1316 3243 iure

171 3310 174 3324 ·
194 3283 360 3370 adsignari
381 3283 521 3368 possit.'¹
564 3285 630 3350 Hic
646 3287 842 3373 ergoionge
858 3285 1093 3374 antiquissimus
1107 3286 1190 3358 inter
1205 3311 1316 3356 omues
1396 3359 1400 3365 ,

195 3413 279 3460 nune
301 3376 411 3461 notos.
456 3396 599 3482 Paginae
617 3420 668 3465 ur.

212 3557 493 3572 w

177 3693 185 3705 .
250 3655 276 3734 ¹)
303 3657 390 3714 Nulla
416 3660 480 3716 eius
506 3661 618 3727 mentio
639 3660 706 3719 fir·
698 3681 730 3720 ιιι
755 3663 879 3723 Alcuini
903 3663 1044 3745 Caranitae
1064 3681 1209 3730 ccxxviii.
1232 3663 1312 3740 Opp.

193 3748 242 3808 ed
264 3751 287 3808 F
290 3749 355 3811 roh
378 3737 445 3809 Vol.
468 3759 496 3809 2.
517 3773 548 3830 p.
571 3759 637 3815 228.
658 3759 704 3810 De
722 3758 854 3832 stradita'
843 3777 874 3814 ιιι
892 3760 960 3812 aula
978 3764 1077 3829 regia,
1104 3760 1161 3816 etsi
1179 3757 1312 3816 medicos

194 3856 341 3904 aremorat
360 3846 416 3902 hir
428 3845 584 3907 versibus:
1329 3856 1337 3868 ''

305 3941 469 3994 Accurrunt
486 3942 596 3998 Medici
614 3961 682 3996 mox
700 3945 905 4018 Hippocratica
924 3955 1002 4000 tecta
1021 3947 1122 4024 (leges
1143 3951 1255 4019 sectap

269 4103 273 4114 .
306 4033 361 4084 Hic
379 4051 469 4086 venas
479 4032 607 4106 jiandit,
621 4036 723 4092 herhas
741 4037 786 4090 hin
805 4043 903 4092 miscet
921 4046 952 4092 ιίι
970 4041 1044 4102 olla,·

304 4125 356 4180 Ille
375 4134 468 4198 coqui't
484 4129 596 4200 pultes,
616 4131 691 4184 alter·
709 4131 761 4183 sed
774 4133 877 4203 pocula
892 4131 1044 4208 praefert:

304 4217 343 4276 Et
363 4216 475 4289 tamen,
495 4241 512 4276 o
532 4223 632 4276 medici
637 4263 646 4291 ,
666 4231 771 4278 cunctis
790 4230 939 4298 impendite
958 4233 1071 4298 gratis,

308 4314 345 4365 Ut
364 4316 492 4370 manibus
510 4322 618 4370 vestris
636 4318 713 4372 adsit
731 4320 886 4375 benedictin
905 4321 1022 4378 curasti.

248 4406 274 4476 ²)
293 4405 328 4464 Id
348 4417 409 4476 est,
431 4412 593 4470 recensuit.
