3422 5406
379 435 398 502 6

380 601 397 644 e
418 573 520 641 literis
538 572 594 642 C·
606 609 620 626 ·
632 573 680 641 V.
701 595 719 639 a
738 571 1068 640 Christianohomine
1083 576 1253 639 admodum
1271 572 1499 658 interpolatae,

380 701 483 754 metro
506 688 696 775 plerumque
718 687 840 760 soluto.
885 685 1030 772 Paginne
1052 685 1208 773 quinque.

377 817 383 842 ⁸
443 801 512 866 Iam
533 811 567 863 ut
591 801 630 863 de
651 809 766 864 nostro
786 792 938 883 po’c'ma'te
960 797 1116 864 disserere
1140 797 1345 880 incipiamus,
1376 797 1408 863 in
1428 797 1502 864 solii

332 944 335 948 ·
381 910 639 1000 quinquagesimi
668 912 751 976 sexti
779 911 897 998 pagina
927 909 1031 993 prima
1061 908 1181 996 legitur
1207 910 1323 996 Elegia
1353 914 1391 976 de
1422 910 1503 976 Phi-

382 1025 501 1091 lomela
523 1029 609 1090 Sum
636 1025 746 1088 noctis
769 1025 883 1100 socia,
914 999 993 1088 suria
1024 1036 1146 1118 cantus
1168 1023 1278 1087 danicis
1299 1023 1432 1098 amiam·
1463 1026 1529 1117 ἀει

383 1160 446 1224 qua
462 1137 638 1202 Goldastus
656 1135 689 1199 in
708 1135 997 1218 (Rseudo·)0vidii
1012 1127 1199 1220 Opusculis.
1228 1136 1388 1202 Francos.
1406 1137 1504 1201 1610.

383 1272 420 1334 p.
440 1251 495 1314 25.
518 1252 598 1314 haec
619 1241 733 1314 hahet:

461 1359 472 1376 ²
717 1361 882 1426 IVLIVS
912 1363 1171 1428 SPERATVS.

386 1467 518 1552 „Huius
536 1485 690 1562 quattuor
705 1473 804 1536 habui
822 1472 946 1556 scripta
967 1474 1182 1556 exemplaria:
1210 1477 1274 1539 duo
1291 1495 1332 1540 cx
1353 1473 1505 1538 illustris-

385 1586 467 1654 simo
489 1591 525 1652 S.
546 1585 633 1651 Galli
652 1589 737 1669 apud
754 1585 928 1650 Helvetios
943 1585 1157 1662 monasterio,
1181 1585 1310 1650 tertium
1326 1608 1367 1651 ex
1381 1585 1505 1651 biblio-

383 1701 479 1764 theca
506 1698 751 1764 Bartholomaei
782 1697 1001 1782 schobingeri
1026 1698 1055 1762 1.
1083 1697 1144 1775 C.,
1179 1708 1327 1785 quartum
1354 1721 1372 1762 a
1401 1700 1506 1764 Petro

384 1811 593 1888 Roveriano,
608 1813 820 1900 typographo
829 1787 1023 1874 Geneven'si.
1048 1811 1127 1874 'l'nia
1140 1822 1233 1875 erant
1242 1807 1452 1909 ἀνεπίγραφα
1460 1814 1506 1891 1),
1560 1809 1563 1817 ’

385 1923 755 2008 solusSanctigallensis
776 1921 908 1998 Codex,
945 1921 978 1984 in
1001 1945 1068 2008 quo
1091 1923 1279 2000 Claudiani,
1317 1923 1506 2000 fortunati,
1566 1983 1569 1992 .

387 2035 516 2101 Paulini
537 2047 569 2100 et
590 2035 764 2100 Walalcidi
787 2037 940 2121 quaedam
963 2040 1131 2120 po'c'mata,
1169 2035 1391 2101 huiuscemodi
1413 2059 1508 2119 prae·

386 2159 490 2214 sentat
516 2148 673 2214 titulnmt·
698 2149 882 2212 VERSVS
905 2149 1007 2214 IVLI
1030 2149 1232 2214 SPERATI
1255 2150 1318 2214 DE
1342 2149 1509 2222 PHILO-

386 2261 544 2326 MELA:
585 2261 674 2325 cuius
702 2260 796 2325 eiiam
827 2259 1019 2344 scripturam
1049 2271 1080 2328 et
1107 2271 1300 2324 structuram
1319 2241 1510 2342 ‘versunm²)

387 2396 447 2458 per
470 2372 578 2439 omnia
600 2373 701 2437 secuti
721 2377 863 2436 sumus.”

451 2488 491 2552 In
512 2487 652 2552 eiusdem
678 2485 753 2580 folii
776 2507 848 2550 nvn.
879 2485 978 2550 altera
1004 2485 1123 2572 pagina
1154 2485 1266 2553 ultimo
1297 2485 1406 2551 versui
1433 2484 1534 2550 Iulii
1570 2482 1574 2494 '

389 2598 537 2683 Sper-ati:

501 2731 577 2786 Nolo
598 2739 694 2785 tacere
712 2731 801 2784 velis:
820 2731 885 2785 nolo
905 2739 1000 2783 tacere
1015 2731 1096 2787 velia.

389 2852 456 2918 siue
477 2852 544 2917 ullo
566 2851 738 2950 intervallo
762 2850 797 2915 hi
819 2821 1072 2938 suhiungnntur:

467 2998 473 3003 ·
505 2985 606 3037 Gloria
626 2986 678 3038 tibi·
693 3003 803 3037 summa
822 2982 905 3058 (sic)
925 2983 995 3036 laras.
1016 2984 1216 3038 et‘beaedicta‘o
1236 2983 1348 3040 Christe

504 3079 562 3149 Qui
573 3087 709 3151 praestas
716 3077 853 3150 famulis.
872 3077 941 3130 haec
960 3078 1033 3131 bona
1052 3088 1143 3148 grata
1162 3086 1226 3134 treis.

392 3201 475 3264 Tum
502 3199 535 3262 in
566 3197 627 3262 ima
659 3198 802 3284 margine
833 3198 972 3263 eiusdem
1001 3198 1138 3284 paginae
1167 3221 1185 3264 a
1210 3223 1303 3264 manu
1324 3200 1445 3278 seculi,
1479 3200 1513 3267 ni

350 3341 353 3356 ·
390 3311 511 3388 fallor,
550 3309 665 3374 decimi
688 3291 850 3386 exeuntis,
882 3331 956 3374 sane
979 3314 1019 3374 ab
1042 3307 1240 3389 eiusmann,
1277 3313 1332 3399 qui
1354 3312 1512 3384 Codicem

391 3424 495 3506 ipsum
512 3423 674 3500 exaravit,
699 3425 823 3486 diversa
848 3433 879 3486 ct
894 3423 1060 3509 aliquanto
1075 3423 1259 3489 recentiore
1274 3428 1337 3490 duo
1353 3426 1512 3490 vocabula

391 3536 560 3621 leguntur,
595 3539 634 3599 ab
656 3535 805 3622 omnibus
835 3538 938 3600 adhue
961 3548 1032 3600 ante
1060 3535 1161 3600 filium
1190 3547 1297 3614 tunm,
1332 3559 1419 3604 ame
1438 3538 1528 3623 ipso

393 3669 524 3734 quoque
547 3647 623 3712 olim
646 3646 693 3711 sic
716 3648 818 3712 lecta:
1003 3622 1005 3634 ³

777 3765 884 3879 fef
924 3737 1146 3920 help-sc,

395 3995 695 4012 *uun—l

451 4129 475 4196 1)
495 4127 537 4183 'lt
557 4138 660 4184 noster
675 4103 778 4184 Codex
797 4126 867 4184 olim
881 4125 1105 4206 sangallensis,
1120 4147 1208 4208 ¹nnnc
1222 4128 1410 4202 lunicensis,
1428 4147 1516 4206 quem

396 4238 435 4276 ex
454 4221 650 4312 hoc'qnoquc
670 4220 738 4278 loco
757 4233 839 4298 patet
859 4224 1029 4298 inspectum
1048 4242 1114 4280 esse
1133 4243 1150 4280 a
1172 4223 1328 4280 Goldasto.

452 4325 603 4403 ²)'Louge
622 4329 724 4403 ntique
744 4325 900 4384 mcliorem
920 4345 971 4395 ea,
1007 4343 1094 4404 quam
1123 4324 1243 4384 exhibet
1272 4327 1375 4385 Codex
1393 4339 1515 4398 noster,

396 4421 449 4490 ita,
464 4429 497 4476 ut
511 4437 548 4476 ex
563 4431 668 4478 nostro
682 4421 757 4479 nihil
770 4423 899 4478 omnino
908 4419 1062 4478 emendari
1075 4430 1164 4498 queat
1177 4423 1208 4478 in
1224 4421 1515 4480 Goldastieditione.
