3422 5406
456 1077 507 1140 Ne
528 1074 653 1160 pagella
676 1077 757 1162 haec
780 1086 890 1151 vacet,
912 1067 1081 1140 inserimus
1099 1073 1257 1162 nunquam
1281 1087 1371 1142 antea
1396 1079 1513 1152 editum

314 1183 326 1262 J
392 1187 509 1253 Iacobi
531 1187 707 1273 prologum
728 1187 761 1251 iu
785 1188 828 1270 Q.
853 1191 1008 1258 Serenum
1031 1177 1286 1260 Sammonicum:

457 1330 642 1392 Herbarum
665 1327 802 1412 species,
825 1329 981 1412 pulchros
1002 1353 1072 1394 cum
1097 1329 1240 1415 germine
1256 1331 1356 1396 flores
1439 1323 1442 1334 Α

393 1440 606 1529 Virgultique
624 1463 733 1506 comas
755 1441 838 1506 lente
860 1442 969 1507 radice
991 1443 1152 1520 revulsas,

394 1553 430 1620 si
449 1567 486 1618 tu
506 1552 669 1619 lentiflnos
692 1552 789 1617 viridi
813 1557 850 1620 de
874 1548 996 1620 cortice
1019 1577 1115 1619 sucos
1183 1557 1186 1562 ’

393 1670 503 1754 Atque
521 1666 705 1730 salutiferas
727 1667 815 1732 vires
838 1669 890 1732 vel
912 1666 1040 1733 nomina
1064 1690 1161 1739 nosse,

392 1779 470 1843 Iure
492 1778 588 1855 velis,
612 1778 724 1843 animis
747 1779 866 1866 satagis
890 1791 1020 1844 servare
1042 1781 1207 1858 secundis,
1270 1849 1274 1863 ,

392 1881 491 1955 Hunc
512 1890 630 1956 librum
652 1873 772 1977 legito,
796 1891 906 1956 subtili
929 1905 1032 1957 mente
1054 1871 1207 1970 revolve3

394 2003 450 2069 sie
471 2025 579 2067 rerum
600 2004 725 2088 poteris
749 2027 868 2090 gnarus
891 2027 1245 2100 cognoscerecausas3
1358 2041 1362 2048 ·

395 2115 560 2203 Quicquid
582 2119 695 2181 humus
719 2117 823 2202 gignit
846 2119 899 2181 vel
921 2118 999 2204 quid
1021 2119 1086 2182 sert
1108 2142 1269 2186 marmora
1290 2122 1400 2208 ponti,

397 2228 563 2317 Quicquid
584 2241 672 2294 terra
694 2230 802 2307 fovet,
826 2252 907 2316 quae
930 2231 1039 2316 magni
1061 2233 1171 2317 glarea
1193 2233 1277 2310 Nili,

397 2340 688 2432 Squamigerasque
711 2364 811 2430 vagas
834 2342 940 2407 vitreo
964 2346 1022 2406 sub
1045 2345 1137 2410 sonte
1160 2357 1325 2424 catervas,
1477 2355 1518 2415 10

395 2452 560 2539 Quicquid
582 2457 622 2516 ad
644 2466 729 2518 astra
752 2452 862 2531 uolat,
886 2478 967 2541 quae
989 2469 1117 2540 reptant
1138 2469 1273 2542 pectore
1294 2472 1417 2541 terras,

375 2561 488 2647 'Quae
512 2577 644 2630 vescunt
666 2566 784 2650 rapido
807 2550 991 2632 frendentes
1013 2573 1090 2634 a'e'ra
1113 2571 1213 2646 saltu,

394 2677 515 2742 Messis
536 2679 730 2743 aromaticae
754 2678 911 2762 maniplos
934 2681 1069 2746 Oriente
1091 2684 1229 2761 relatos,

393 2791 542 2854 Balsama
565 2791 714 2877 gratiflna
735 2792 913 2878 fragrantis
934 2793 1050 2878 pistica
1072 2797 1182 2860 nardi:
1244 2853 1248 2862 ,

395 2903 482 2986 Quin
504 2903 599 2967 etiam
621 2904 747 2987 poteris¹
766 2904 887 2988 placito
910 2907 1134 2992 languentibus
1155 2913 1269 2974 haustu
1361 2945 1363 2948 ·
1474 2917 1514 2981 15

393 3018 426 3080 A
449 3016 582 3082 domino
605 3016 787 3082 dominante
808 3016 894 3100 piam
915 3017 1080 3102 praestare
1102 3024 1280 3088 medellam.

393 3128 546 3206 Inclitus‚
569 3128 725 3196 invictum
749 3129 874 3195 Christi
896 3129 1014 3196 virtute
1036 3116 1209 3218 tropheum

395 3239 463 3322 Qui
485 3240 589 3327 regit,
612 3244 692 3308 haec
713 3241 786 3307 fieri
808 3242 1012 3314 Karlusrex
1033 3267 1168 3333 namque
1191 3244 1352 3317 modestus

394 3354 546 3432 Mandat,
569 3366 605 3418 nt
626 3354 659 3418 in
681 3354 774 3420 seclis
796 3355 907 3420 rutilet
929 3357 1091 3440 sophisma
1115 3362 1250 3438 suturis;

395 3463 600 3552 Legit‘enim
613 3459 758 3533 ¹famulus
780 3467 856 3533 stilo
878 3463 1049 3556 animoque
1071 3475 1222 3544 Iacobus.
