3422 5406
1263 392 1303 456 15

183 557 384 604 srunrsusrs.
427 539 506 602 Hoc
534 535 688 621 proiecto
716 531 907 612 Fabricius,
943 535 1044 599 homo
1077 542 1244 598 accuratus
1273 545 1306 598 et
1366 516 1369 525 ¹

183 651 379 737 religiosus,
402 652 526 736 fingere
548 672 614 714 nou
637 647 759 733 potuit,
783 651 855 723 sed,
878 645 940 709 nisi
955 645 1095 731 egregie
1116 645 1232 724 fallor,
1262 668 1305 710 ex
1421 687 1424 694 ‚

183 767 298 829 eodem
328 763 386 827 illo
419 761 581 847 Catalo'go
614 758 882 825 Francolurtensi
921 757 1118 842 desumpsit3
1157 768 1188 822 at
1220 762 1302 822 unde

182 856 310 940 taudem
331 875 490 940 Goldasto
514 871 673 948 innotuit,
709 871 794 937 illius
823 870 1010 935 monasterii
1039 870 1179 934 sodalem
1205 869 1304 934 fuisse

182 986 420 1071 Helpericum?
453 989 507 1052 Ex
521 997 635 1051 nostro
650 984 803 1068 prolecto
821 981 945 1048 Codice
961 985 1179 1068 nequaquam}
1202 982 1304 1046 fuitne
1348 1025 1351 1031 -
1449 985 1452 990 '

183 1098 286 1186 igitur
309 1099 390 1163 alter
412 1097 572 1183 poematis
604 1098 722 1163 Codex
745 1093 962 1179 sangallensis
991 1116 1074 1156 nuuc
1102 1095 1303 1177 deperditus,

179 1212 218 1276 in
249 1188 311 1298 qua
338 1213 404 1276 eius
433 1211 481 1276 rei
512 1209 668 1274 memoria
695 1207 863 1272 exstabat?
907 1205 1023 1270 Nostri
1049 1205 1131 1270 enim
1161 1206 1305 1290 scriptor
1322 1219 1335 1246 ⁹

183 1323 352 1401 librarius,
376 1334 409 1386 ut
429 1322 566 1387 vidimus
587 1321 775 1405 praesertim
793 1318 825 1384 in
848 1317 933 1385 Iulio
953 1321 1091 1411 Sperato
1113 1329 1144 1382 et
1170 1319 1305 1384 Colum-

183 1439 288 1512 bauo,
323 1435 477 1519 opuscula
498 1457 597 1519 vsaepe
626 1432 757 1498 exhibet
778 1427 1006 1524 ἀνεπίγραφα,
1043 1430 1087 1494 ita
1115 1442 1149 1493 ut
1171 1453 1213 1494 ex
1235 1430 1303 1495 aliis

184 1552 349 1612 dumtaxat
361 1549 470 1614 Codd.
482 1545 742 1632 sangallensibus
754 1542 882 1614 uomina
902 1541 1045 1626 suppleri
1056 1541 1221 1625 potuerint
1236 1555 1303 1606 tum

96 1693 98 1696 ·
184 1661 411 1735 aGoldasto,
433 1671 499 1722 tum
523 1682 542 1722 a
564 1657 710 1725 Canisio.
755 1655 950 1739 Complures
976 1665 1078 1746 autem
1099 1653 1212 1720 Codd..
1228 1667 1305 1739 post

183 1773 335 1839 Goldasti
359 1784 507 1855 tempora
530 1769 697 1854 perierunt
721 1781 787 1832 tum
809 1779 948 1853 propter
971 1767 1067 1832 civile
1087 1769 1206 1832 bellum
1229 1766 1304 1832 anui
1329 1820 1333 1830 .

182 1857 298 1962 171'22,
320 1896 388 1946 tum
407 1883 496 1949 furto
518 1881 636 1961 ablati,
661 1893 695 1945 ut
710 1893 797 1945 certe
812 1891 888 1964 post
906 1903 937 1944 a.
955 1881 1049 1945 1754.
1094 1880 1201 1945 Persii
1220 1873 1309 1946 anti-.¹
1358 1885 1361 1888 ’

180 2018 264 2084 quus
288 1995 485 2060 Scholiasta.
529 1997 624 2059 Anne
646 1993 772 2058 aliunde
791 2015 854 2076 pro
873 2005 964 2057 certo
981 1991 1114 2057 rescivit
1128 1993 1303 2058 Goldastus

179 2107 395 2193 Helpericum
427 2106 462 2171 in
492 2105 688 2172 monasterio
713 2108 753 2169 ab
772 2104 966 2190 Egiuhardo
994 2105 1127 2169 condito
1157 2105 1320 2170 vixisse?-

181 2241 239 2298 an,
273 2220 355 2285 salsa
377 2222 597 2284 tantummodo
616 2207 807 2283 ¹coniectura
829 2220 959 2293 ductus,
983 2215 1302 2302 Selingestadiensem

179 2334 371 2397 monachum
392 2332 488 2397 uobis
509 2330 588 2396 fecit
608 2342 753 2396 nostrum
775 2328 987 2413 Helpericum
1003 2351 1045 2392 ex
1065 2327 1153 2423 Lupi
1173 2330 1321 2394 Servati·
1371 2352 1379 2368 ⁴

180 2444 372 2531 Hilperico‚
397 2448 521 2528 dequo
539 2465 618 2508 mox
637 2464 742 2507 sermo
766 2441 861 2506 uobis
882 2420 1047 2505 faciendus
1069 2439 1154 2507 erit?
1198 2441 1302 2534 Equi-

180 2561 252 2621 dem
271 2557 412 2643 ignoro;
439 2554 520 2619 nihil
536 2553 620 2618 enim
642 2578 678 2619 ea
700 2559 738 2619 de
757 2577 794 2620 re
815 2554 924 2619 inveni
945 2576 1047 2640 neque
1062 2554 1094 2617 in
1113 2555 1302 2619 Mabillonii

179 2668 371 2736 Annalibus,
385 2666 602 2732 Benedictinis
623 2689 725 2755 neque
747 2667 781 2731 iu
803 2670 855 2732 Io.
877 2665 1097 2748 Weinckeusii
1114 2666 1301 2732 Navarchia

179 2780 466 2866 seligenstadiana.
503 2779 716 2845 Francolurti
732 2781 825 2844 llll.
848 2779 911 2846 fol.
936 2790 1030 2864 atque
1053 2801 1146 2846 omne
1170 2780 1299 2844 dubium

177 2896 244 2960 hoc
266 2892 395 2960 nonnisi
416 2895 456 2956 ab
474 2914 514 2958 eo
532 2891 618 2958 solvi
638 2915 734 2975 posse
755 2915 851 2969 reor,
882 2893 933 2958 cui
954 2904 1084 2976 praesto
1114 2892 1154 2956 sit
1178 2892 1299 2957 Album

176 3008 316 3073 fratrum
339 3004 424 3068 illius
445 3004 648 3080 monasterii,
670 3016 800 3087 praeter
822 3005 1016 3090 Catalogum
1040 3005 1198 3070 Francos.
1225 3004 1318 3100 auni-

178 3120 275 3183 1600.
320 3118 419 3199 Quod
446 3116 474 3180 si
501 3117 675 3203 quidquam
700 3120 790 3202 quod
819 3120 861 3184 ad
881 3117 1092 3200 Helpericum
1120 3095 1299 3201 spectaret,

176 3229 376 3315 reperiretur
398 3228 432 3293 in
446 3227 654 3293 Bibliotheca
669 3229 877 3293 Goldastiana
893 3216 1052 3296 Francos.
1067 3231 1179 3306 1641„
1203 3252 1298 3315 qnam

179 3342 258 3406 mihi
280 3341 402 3425 pariter
427 3352 574 3427 negatam
591 3361 662 3405 esse
684 3363 803 3426 magno
828 3363 927 3425 opere
943 3342 1058 3418 doleo,
1082 3342 1149 3406 eius
1164 3340 1213 3406 rei
1226 3343 1300 3407 lor-

178 3465 262 3518 tasse
286 3453 407 3518 mentio
428 3452 534 3539 aliqua
557 3441 698 3517 exstaret
728 3453 781 3518 vel
812 3458 896 3537 apud
925 3454 1218 3539 Senekeubergium
1245 3454 1328 3536 vel„

180 3569 266 3650 apud
286 3563 485 3631 Fabricium.
531 3564 683 3631 Certiora
704 3576 809 3630 tamen
834 3568 875 3630 ab
896 3565 966 3630 aliis
991 3565 1122 3630 edoceri
1143 3588 1297 3652 perquam

180 3677 292 3763 cupio.
460 3667 466 3674 ”

243 3792 385 3867 Verum,
407 3766 496 3875 quoll
517 3810 703 3874 possumus,
725 3795 937 3855 amovendum
960 3803 1007 3855 est
1029 3794 1154 3856 taudem
1184 3791 1297 3855 mirum

179 3913 274 3988 atque
296 3900 470 3966 inauditum
491 3879 692 3982 ittudbssu
721 3924 917 3987 praenomen
940 3925 998 3968 nec
1020 3903 1172 3967 Latinum
1194 3926 1298 3990 neque

180 4013 431 4090 Germanicum,
468 4016 557 4100 quod
596 4015 691 4081 nobis
720 4017 819 4080 homo
850 4015 1045 4080 semidoctus
1078 4015 1296 4101 excogitavit,

179 4149 274 4213 quem
295 4125 328 4188 in
349 4125 421 4190 aliis
443 4125 538 4190 etiam
561 4128 790 4211 opusculorum
807 4126 941 4194 Codicis
957 4127 1061 4192 nostri
1075 4128 1298 4210 inscriptioni·

177 4241 238 4305 bus
260 4260 384 4304 errasse
408 4237 568 4304 vidimus·
601 4240 729 4304 Etenim
759 4240 786 4304 si
815 4241 868 4305 vcl
897 4241 1033 4304 maxime
1056 4239 1219 4326 antiquior
1242 4241 1296 4304 illa

179 4372 289 4416 manus
309 4349 492 4435 scripsisset
