3422 5406
397 455 438 516 20

397 597 492 658 fidem
508 605 539 657 et
554 593 784 658 subiectionem
800 593 872 678 regi
885 591 1023 656 debitam
1040 592 1245 656 sacramentis
1261 591 1514 678 constringeret,
1599 629 1602 640 ·

397 717 429 770 et
449 729 500 771 res
522 705 675 770 ecclesiae
699 727 770 768 cum
793 707 907 770 Leone
921 706 1008 782 111„
1030 705 1191 770 Hadriani
1211 729 1250 771 eo
1270 728 1352 771 anno
1376 704 1517 771 defuncti

398 841 608 894 successore,
646 820 903 901 componerett).
950 799 1058 912 ¹Quod
1086 841 1182 905 quum
1209 823 1382 883 seeundum
1405 799 1519 884 'votum

399 930 578 1016 exegisset,
602 951 685 995 anno
706 931 769 994 800
782 952 892 1014 regem
909 930 1043 994 amicum
1062 931 1258 995 monasterio
1274 953 1350 1007 suo,
1374 930 1518 994 maximis

397 1042 549 1126 impensis
582 1043 787 1106 reaedificato
814 1027 845 1106 et
860 1041 1064 1124 supellectili
1087 1045 1192 1108 15000
1212 1044 1367 1107 librarum
1388 1055 1520 1118 ornato,

400 1155 556 1238 suscepit,
580 1155 716 1240 indeque
740 1157 877 1220 Romam
900 1155 1086 1230 comitatus,
1111 1155 1278 1230 ¹coenobio
1302 1179 1359 1220 suo
1386 1155 1520 1238 privile-

401 1268 488 1352 gium
510 1289 527 1330 a
548 1270 661 1332 Leone
683 1287 767 1350 papa
788 1267 974 1349 impetrasse
990 1267 1152 1347 dicitur2).
1198 1273 1295 1337 Anno
1314 1269 1374 1330 811
1391 1266 1521 1330 brevia·
1558 1249 1561 1254 ¹

398 1381 450 1446 rio
477 1379 596 1447 Karoli
626 1378 835 1462 subscripsit,
869 1379 972 1444 amieo
994 1383 1098 1444 tamen
1124 1380 1250 1445 nonnisi
1276 1378 1387 1463 paucis
1410 1379 1520 1442 diebus

399 1492 594 1576 supervixit.
641 1474 735 1558 Obiit
756 1491 841 1555 enirn
865 1514 895 1555 a.
920 1495 952 1555 d.
972 1493 1012 1554 12
1031 1492 1107 1556 Kal.
1133 1471 1273 1556 Martias
1294 1514 1324 1554 a.
1347 1492 1423 1554 811.

361 1685 364 1688 ¹
465 1605 610 1686 Quantus
635 1603 849 1688 Augilhertus
878 1617 909 1668 et
936 1604 968 1667 in
998 1604 1123 1668 bellicis
1148 1603 1410 1687 expeditionibus
1434 1614 1464 1667 et
1486 1603 1519 1666 in

399 1716 585 1801 republica
612 1714 862 1784 administranda
888 1716 1003 1792 fuerit,
1041 1716 1166 1800 qualem
1190 1716 1262 1806 regi
1294 1715 1465 1801 amicisque
1488 1738 1520 1778 se

400 1828 601 1904 exhibuerit,
626 1849 666 1907 ex
689 1823 816 1910 paucis,
848 1849 929 1913 quae
948 1831 1044 1892 daeo
1066 1839 1252 1911 supersunt,
1275 1828 1371 1891 facile
1393 1827 1522 1912 colligi-

399 1965 481 2006 mus.
527 1942 626 2023 Quod
644 1939 825 2005 doctrinam
849 1940 915 2003 eius
936 1940 1096 2027 animique
1119 1941 1236 2004 cultum
1257 1940 1384 2017 attinet,
1403 1941 1523 2006 Alcui·

400 2077 459 2117 nus
480 2053 513 2118 iri
535 2055 673 2137 epistola
687 2033 835 2118 ¹nondum
856 2053 940 2116 edita
961 2053 1068 2118 Leoni
1081 2055 1144 2117 111.
1167 2052 1210 2115 ita
1233 2052 1370 2116 scribit:
1399 2054 1521 2129 „Anno

308 2160 312 2172 ’
402 2166 509 2249 priori
531 2189 591 2251 per
613 2165 859 2250 Angilbertum,
892 2166 992 2228 lilium
1022 2165 1211 2230 eruditionis
1234 2177 1382 2242 nostrae,
1417 2164 1524 2228 virum

340 2291 344 2300 '
365 2359 371 2366 Ι
402 2269 591 2362 prudentem
615 2290 646 2342 et
669 2278 816 2364 omnihus
839 2277 950 2340 amicis
965 2278 1090 2342 fidelem
1106 2288 1137 2341 et
1152 2269 1278 2342 sanctae
1289 2277 1354 2342 Dei
1368 2277 1523 2342 ecclesiae

402 2391 567 2473 profectui
595 2389 687 2454 valde
712 2393 862 2453 devotum
888 2434 897 2452 .
924 2434 933 2452 .
959 2434 968 2452 .
990 2392 1177 2472 deprecatus
1200 2394 1296 2452 sum”
1320 2401 1402 2466 eet.‚
1426 2412 1523 2475 quum

400 2525 471 2566 eum
487 2501 520 2566 in
532 2502 647 2565 litteris
659 2501 875 2567 anterioribus
899 2549 913 2576 „
924 2501 1025 2566 filium
1047 2525 1137 2564 suum
1154 2502 1351 2566 carissimum
1360 2503 1378 2530 '’
1401 2525 1522 2565 nuncu·

401 2625 520 2697 passet.
542 2679 544 2684 ,
566 2617 658 2678 Unde
689 2613 935 2698 Angilbertum,
974 2636 1073 2702 aeque
1105 2637 1141 2678 ac
1170 2615 1345 2690 Karolum,
1379 2613 1521 2678 Alcuino

401 2725 569 2811 magistro
588 2749 677 2788 usum
706 2725 805 2788 fuisse
825 2725 1045 2810 intelligimus.
1090 2727 1232 2792 Alcuino
1252 2727 1366 2807 teste³)
1389 2728 1522 2804 Petrum
1598 2801 1606 2818 ,

402 2839 496 2902 etiam
520 2838 690 2913 Pisanum,
724 2836 757 2901 iu
781 2838 851 2900 aula
873 2838 960 2922 regis
984 2837 1224 2923 grammaticam
1250 2842 1436 2915 docentem,
1470 2849 1525 2902 aut

402 2949 468 3025 ibi,
503 2960 555 3012 aut
578 2951 610 3011 in
633 2947 724 3012 Italia
745 2949 881 3012 audivit.
928 2953 1033 3014 Tanto
1060 2973 1139 3015 vero
1166 2954 1284 3015 ardore
1313 2949 1426 3014 studiis
1453 2973 1522 3014 sese

402 3061 542 3137 addixit,
580 3072 703 3124 utnon
733 3061 835 3127 solum
867 3061 1097 3126 bibliothecam
1134 3065 1344 3127 ducentorum
1374 3061 1525 3127 codicum

384 3173 626 3266 colligerat),
650 3167 706 3236 sed
728 3177 826 3255 poe‘ta
843 3173 926 3236 inter
947 3197 1021 3237 suos
1037 3173 1171 3237 eximius
1190 3178 1353 3244 evaderet,
1399 3177 1443 3239 Ut
1459 3177 1528 3252 Ka-

400 3285 491 3350 rolus
511 3285 687 3361 Davidem,
724 3285 768 3348 ita
795 3284 863 3368 ipse
886 3288 1066 3350 Homerum
1096 3286 1129 3348 in
1151 3286 1330 3368 exemplum
1353 3297 1384 3351 et
1406 3309 1524 3352 nomen

400 3397 464 3462 sibi
496 3396 611 3481 elegit,
657 3419 696 3460 ea
727 3408 846 3472 mente,
897 3409 956 3473 ut,
997 3401 1262 3482 quemadmodum
1300 3397 1402 3463 Chius
1436 3411 1526 3462 vates

401 3508 581 3586 Achillem,
605 3507 650 3572 ita
675 3509 744 3593 ipse
771 3510 904 3572 amicum
927 3516 1015 3572 suuni
1040 3509 1135 3602 epico
1161 3501 1299 3573 carmine
1327 3510 1520 3574 celebraret.

403 3621 476 3702 Qua
499 3609 554 3706 spe
574 3621 692 3698 fretus,
715 3644 775 3684 rex
788 3620 821 3684 in
836 3620 975 3704 epistola
989 3625 1029 3684 ad
1046 3644 1133 3698 euni,
1157 3623 1249 3685 unica
1268 3645 1350 3707 quae
1369 3623 1524 3705 supersit,

403 3736 584 3798 Homerum
613 3757 700 3798 suum
728 3756 797 3798 eum
829 3733 982 3816 appellat.
1029 3736 1092 3798 Sed
1114 3735 1179 3797 fata
1202 3733 1355 3817 operibus
1380 3735 1447 3798 eius
1475 3735 1525 3797 in-

402 3845 567 3912 viderunt.
612 3849 696 3910 Nam
724 3857 853 3930 praeter
879 3868 1001 3929 paucos
1025 3847 1136 3930 elegos
1160 3857 1191 3909 et
1216 3858 1283 3910 tres
1311 3845 1463 3929 epistolas
1485 3851 1526 3910 ad

403 3960 571 4023 Arnonem
585 3957 865 4044 arehiepiscopum
879 3957 1088 4023 Iuvanensem
1100 3957 1237 4042 scriptas
1250 3970 1282 4022 et
1294 3981 1312 4022 a
1323 3958 1522 4025 Mabillonio
1561 4034 1564 4042 Ι

460 4239 487 4312 ¹)
506 4237 611 4295 Karoli
632 4203 786 4312 llpistolae
803 4237 841 4294 ad
861 4238 994 4294 Leonem
1007 4237 1062 4294 111.
1084 4238 1162 4294 etad
1177 4238 1352 4328 Homerum.
1391 4241 1417 4308 2)
1436 4241 1527 4296 Peta-

403 4337 472 4392 vius
499 4335 578 4408 apud
597 4331 712 4389 Mahill.
735 4333 755 4390 l.
778 4353 805 4390 c.
855 4331 881 4407 ³)
901 4333 1022 4390 Aleuini
1045 4335 1131 4407 epist.
1153 4337 1200 4393 55.
1222 4330 1315 4390 Froh.
1362 4336 1388 4403 l⁴)
1409 4336 1527 4410 ipsein

406 4429 559 4488 Chronico
580 4427 698 4485 Ceutul.
