3422 5406
955 701 962 735 t

358 879 461 990 ro.
490 877 697 960 cusu.
726 773 1111 957 onnnnrus
1159 799 1160 802 Ὺ

87 1147 97 1158 ,
514 1072 610 1160 ΙΟ
644 1069 677 1156 S
706 1070 810 1156 ΕΡ
841 1069 888 1154 Η
920 1056 960 1154 0
1011 1077 1012 1082 ‘

175 1240 442 1376 Ltuuuo
497 1231 775 1376 Βιιιοιιι
825 1303 889 1370 ns
937 1265 1300 1415 Lnssssnue

549 1581 551 1592 ,
654 1507 691 1611 s.
715 1511 758 1576 r.
781 1510 827 1612 u.

246 1869 383 1950 Gratum
388 1867 571 1951 sperabam
589 1867 663 1932 fore
679 1864 756 1942 tibi,
778 1865 990 1947 illustrissime
1001 1863 1129 1952 amice,
1152 1877 1257 1956 tecum
1277 1865 1304 1930 si

155 2035 162 2050 .,
182 1977 482 2066 communicaretur
480 1977 633 2078 insigne
661 1978 859 2066 antiquitatis
891 1976 1118 2056 Germanicae,
1155 2001 1266 2066 quam
1269 1991 1305 2043 tu

182 2091 344 2156 indefesso
361 2089 467 2154 studio
484 2101 515 2154 et
532 2090 757 2186 prosperrimo
779 2113 928 2155 successu
943 2089 1043 2168 colis,
1067 2069 1304 2156 monumentum

185 2191 314 2268 multis
304 2227 368 2267 ram
383 2202 466 2268 locis
482 2209 683 2280 correctum,
709 2225 814 2290 eoque
829 2203 992 2288 acceptius
1010 2200 1080 2266 tibi
1089 2226 1157 2268 esse
1173 2181 1304 2271 confido

183 2317 250 2382 boc
272 2295 491 2402 qualecunque
518 2315 752 2392 munusculum,
801 2315 885 2402 quia
902 2315 1071 2401 sagacitati
1097 2315 1325 2381 eruditissimi·

183 2429 243 2494 filii
259 2429 324 2508 tui,
347 2429 405 2516 qui
426 2441 559 2514 paterna
577 2428 680 2493 studia
701 2427 835 2514 egregie
852 2429 1046 2506 aemulatur,
1069 2427 1139 2493 veri
1155 2428 1306 2494 indicium

155 2611 157 2616 ¹
185 2564 224 2606 ac
248 2541 348 2606 veluti
370 2537 540 2626 uestigium
564 2545 680 2606 debeo.

157 2631 160 2636 Ι
249 2656 314 2718 Sed
335 2653 474 2718 consilio
498 2677 570 2720 meo
592 2666 761 2738 praeterea
787 2648 952 2719 innoxiam
979 2649 1140 2740 quandam
1162 2652 1307 2740 astutiam

185 2768 315 2832 subesse
339 2767 425 2833 ultro
447 2767 578 2831 fatebor
599 2766 678 2844 tibi,
789 2807 793 2855 J
1132 2757 1135 2762 ¹
1163 2747 1169 2758 λ’
1251 2751 1253 2756 ,

450 2893 521 2942 mire
540 2875 642 2962 opifex
662 2919 699 2932 -
718 2916 755 2932 —

452 3012 491 3027 -
510 3013 549 3026 -
567 2989 687 3064 iuvenes
702 2988 818 3054 agitare
837 2987 934 3038 iocos!

187 3093 215 3160 si
234 3093 362 3182 quidem
383 3116 450 3160 nos
467 3117 595 3193 omnes,
618 3095 675 3183 qui
697 3095 729 3165 in
752 3097 834 3160 haec
849 3085 951 3161 studia
966 3088 1194 3174 incumbimus,
1216 3094 1311 3184 nimis
1412 3085 1415 3100 ’

187 3204 390 3290 impatienter
425 3209 483 3272 ebs
511 3219 542 3272 te
571 3195 792 3291 exspectamus
822 3211 1070 3273 Wenrunmurr
1098 3219 1188 3272 tuum
1214 3229 1310 3294 uranu

189 3341 338 3385 suarem.
383 3319 615 3408 Intelligisne
604 3343 685 3399 ram,
722 3320 801 3407 quid
827 3342 931 3410 meum
961 3324 1079 3385 donum
1106 3295 1178 3384 ante
1203 3307 1310 3386 omnia

185 3430 251 3496 'sibi
274 3431 377 3496 velit?
419 3433 544 3497 Amica
559 3432 593 3496 vi
614 3433 700 3497 inte
723 3444 923 3518 grassaturus
945 3432 1095 3533 experiar
1117 3444 1149 3538 et
1165 3411 1309 3510 tentabo,

156 3629 159 3638 ⁴
190 3563 229 3608 au
247 3547 372 3609 tandem
392 3543 508 3609 elicere
527 3567 569 3609 ex
589 3557 622 3609 te
644 3545 697 3609 vel
720 3544 822 3609 dicam
849 3556 1046 3632 extorquere
1064 3529 1185 3657 possim
1214 3566 1311 3636 vene-

190 3659 323 3720 randum
355 3655 435 3720 illud
464 3656 578 3741 po'e‘sis
602 3657 927 3744 Latinogermanicae
947 3653 1124 3742 specimen,
1159 3662 1200 3723 ad
1221 3631 1312 3745 quod

191 3779 225 3831 ut
252 3779 393 3832 meretur
419 3768 645 3852 expoliendum
670 3779 705 3833 tn
730 3769 911 3833 iamdudum
938 3769 1085 3855 'egregiis
1111 3769 1312 3836 adminiculis

191 3878 293 3944 fretus
309 3887 415 3966 *quum
444 3892 476 3944 te
506 3878 703 3960 accinxeris,
739 3885 880 3946 noudum
906 3894 1012 3948 tamen
1041 3882 1161 3967 optatis
1191 3861 1311 3949 nostris

191 3990 390 4080 satisfecisti.
435 3992 520 4068 Iam,
543 3981 698 4079 sequere,
721 4014 859 4080 quaeso,
883 3995 936 4058 vel
955 3993 1082 4078 potius,
1106 3999 1195 4081 quod
1216 3981 1312 4080 facile

191 4101 253 4165 tibi
272 4102 351 4182 erit,
388 4103 482 4168 vince
504 4103 598 4168 amici
621 4094 818 4190 exemplum,
838 4087 1080 4196 prioribusque
1104 4107 1166 4172 tuis
1180 4107 1311 4176 ¹meritis

191 4215 258 4278 hoc
290 4235 420 4302 quoque
457 4215 610 4301 adiunge,
644 4230 679 4282 ut
701 4221 840 4302 prodeat
865 4201 1098 4284 Wnnrunruus
1127 4215 1312 4306 pressisque

191 4324 338 4411 vestigiis
360 4347 431 4392 etun
453 4330 665 4416 subsequatur
683 4333 849 4410 Hseucus,
872 4342 967 4417 atque
986 4341 1121 4418 uterque
1141 4330 1313 4398 comitetur

1058 4445 1076 4507 1
