3422 5406
428 373 476 436 2-¹

429 513 602 578 liauonum
621 529 744 577 meumt
777 521 809 578 et
827 506 971 577 solentur
991 520 1059 576 tres
1077 510 1112 577 hi
1132 511 1267 590 heroes,
1290 511 1317 576 si
1334 510 1405 576 lieri
1424 523 1550 596 potest,

428 647 489 711 per
518 625 643 712 aliquot
668 627 769 691 horas
798 617 995 702 maerorem,
1031 624 1067 696 in
1090 647 1185 713 quem
1215 624 1384 691 incidimus
1413 639 1552 712 propter

428 736 600 802 Helvetiae
622 739 733 801 turbas
756 736 882 802 civiles.
965 767 969 786 r
1083 770 1087 780 ·

493 853 627 916 Strenae
657 851 735 916 loco
766 849 828 914 iam
858 848 970 934 accipe
1001 851 1118 916 laetum
1154 848 1329 928 nuncium,
1367 873 1461 936 quem
1491 850 1553 915 tibi

424 963 583 1026 allaturus
606 986 686 1026 sum.
732 963 894 1046 Repertus
917 975 980 1040 est,
1004 975 1170 1047 repertus,
1192 943 1474 1050 inquam,unici1s
1497 963 1552 1026 ille

432 1075 602 1158 Hclperici
618 1080 723 1140 codex
739 1075 973 1161 Sangallensis‚
996 1075 1086 1140 cuius
1102 1075 1264 1140 interitum
1280 1075 1333 1139 vir
1348 1075 1551 1140 doctissimus

426 1187 579 1252 Pertzius
607 1187 803 1270 deploravit.
848 1176 987 1280 'Etenim
1011 1211 1072 1252 una
1099 1211 1169 1252 cum
1200 1188 1270 1252 aliis
1298 1200 1446 1272 tempore
1471 1187 1563 1259 belli¹

424 1297 565 1363 intestini
585 1298 669 1363 inter
691 1299 864 1366 Helvetios
881 1301 965 1386 gesti
984 1322 1067 1365 anno
1084 1323 1240 1369 muccxu.
1258 1302 1414 1364 Turicum
1435 1322 1550 1384 aspere

245 1407 248 1413 ’
283 1432 293 1450 ·
313 1436 316 1442 ·
423 1423 506 1475 tatus
528 1411 708 1474 etiamnunc
727 1416 811 1495 apud
832 1434 893 1477 nos
913 1425 1098 1478 asservatur
1119 1425 1150 1480 et
1169 1425 1245 1496 post
1264 1413 1439 1477 communis
1455 1410 1549 1475 amici

427 1525 583 1588 Hennam
604 1525 804 1589 immaturum
828 1525 949 1591 obitum
974 1547 1062 1590 meae
1082 1524 1157 1589 iam'
1171 1524 1337 1598 custodiae
1360 1523 1549 1590 commissus

426 1647 486 1702 cst.
531 1638 592 1701 Est
611 1648 713 1700 autem
733 1639 993 1702 membranaceus
1014 1623 1141 1702 formae
1164 1637 1426 1722 quadruplicatae
1441 1635 1549 1701 Seculi

423 1747 502 1826 noni
523 1749 667 1812 exeuntis
691 1750 744 1813 vel
767 1749 881 1814 decimi
901 1750 1054 1826 ineuntis,
1077 1749 1221 1839 signatus
1245 1747 1288 1813 C.
1309 1751 1362 1814 78.
1386 1753 1461 1815 451.

484 1860 624 1926 'Omissis
635 1860 691 1937 iis,
716 1871 797 1948 quae
816 1861 887 1926 aliis
905 1884 946 1926 ex
960 1863 1100 1928 Codda
1118 1861 1313 1946 glutinatorc
1324 1849 1441 1925 ‘addita
1459 1875 1548 1939 suut,

421 1995 458 2038 ea
488 1975 652 2037 dumtaxat
679 1973 916 2050 enarrabimus,
953 1997 1034 2062 quae
1057 1977 1099 2040 ab
1125 1972 1255 2038 erudito
1277 1972 1414 2039 librario
1438 1978 1548 2039 eadem

423 2107 520 2150 manu
541 2068 874 2182 literisperpulchris
896 2097 967 2150 sunt
989 2099 1134 2152 exarata.
1174 2161 1179 2171 ι

485 2199 516 2263 1.
540 2183 859 2265 AVGVSTINVS.
900 2247 915 2275 „
926 2200 1045 2264 Inserit
1061 2201 1155 2264 stiam
1170 2199 1360 2264 Lactantius
1376 2200 1471 2284 operi
1486 2223 1545 2267 suo

420 2315 575 2398 quaedam
591 2315 630 2376 de
643 2310 777 2378 Christo
794 2311 944 2376 vaticinia
962 2311 1132 2394 Sybillae”
1149 2311 1231 2396 (aie)
1253 2325 1317 2378 cet.
1362 2315 1447 2400 Pag.
1468 2336 1543 2379 una.

482 2425 532 2490 11.
570 2402 738 2490 umuvs
777 2413 896 2490 sexu
930 2412 1001 2492 ‘nT
1025 2426 1313 2491 cnunnmcrs
1350 2427 1541 2492 manian

418 2535 632 2618 vietoferud)
655 2549 749 2625 atque
772 2537 979 2602 salutatorius
997 2561 1015 2606 a
1032 2541 1158 2603 ‘Sancto
1175 2540 1338 2603 Germano
1355 2539 1542 2622 patriarcha

420 2649 855 2732 Constantinopolitanorum
877 2649 1038 2742 rithimice
1060 2651 1143 2732 (sic)
1166 2650 1378 2734 compositus.
1401 2673 1461 2734 per
1475 2651 1541 2716 sin-

321 2839 325 2848 ·
419 2762 511 2854 gulas
527 2763 576 2827 Ar
590 2765 632 2827 B.
654 2761 789 2827 litteras.
806 2762 953 2848 singulos
968 2761 1123 2827 inchoans
1141 2785 1263 2827 versus.
1299 2763 1444 2848 Paginae
1458 2777 1539 2828 tres.

349 2945 352 2950 f
431 2931 434 2936 .
481 2875 547 2940 111.
584 2877 768 2942 vnusvs
800 2878 862 2942 on
894 2876 1176 2941 nvaucnnro
1209 2877 1274 2941 An
1309 2863 1538 2942 Prosunt.
1620 2909 1622 2912 -

354 2996 363 3012 ‘
418 2988 590 3074 „Angelus
603 3010 681 3052 ecce
697 2987 764 3052 seni
778 2985 941 3071 promittit
959 3009 1088 3052 munera
1104 2988 1197 3052 nati'’
1216 3001 1282 3054 cet.
1327 2990 1569 3076 Pagg.quat-.
1606 3001 1609 3010 '

415 3111 506 3165 tuor.
531 3099 749 3182 Theodulpho
761 3099 947 3164 tribuuntur
956 3099 989 3163 in
1003 3099 1126 3166 Canisii
1138 3102 1249 3166 Lectt.
1266 3105 1318 3167 ed.
1333 3104 1432 3166 Basn.
1442 3104 1490 3167 ΙΙ.
1504 3103 1538 3167 2.

415 3213 572 3298 pag.''l9.

478 3325 545 3390 lv.
570 3323 646 3410 Sine
667 3323 786 3390 indice.
904 3358 906 3366 ¹

480 3483 495 3512 „
506 3438 700 3502 Laurentius
724 3438 848 3504 iuvenis
869 3438 1006 3503 clericus
1030 3439 1149 3522 capillo
1172 3439 1270 3522 plano
1285 3451 1316 3503 et
1333 3439 1438 3506 medio
1453 3440 1537 3505 inter

354 3583 356 3592 ι
413 3547 542 3634 nigrum
573 3561 605 3614 et
633 3548 750 3613 flavum
785 3563 873 3616 veste
905 3551 1085 3634 apostolica
1116 3575 1244 3616 crucem
1274 3565 1306 3618 et
1334 3555 1535 3638 evangelium

411 3661 582 3745 portans.'’
605 3695 646 3706 -
670 3662 796 3727 Similes
811 3663 1045 3755 descriptiones
1063 3675 1247 3729 sanctorum
1265 3664 1298 3728 in
1318 3688 1407 3729 usum
1427 3667 1536 3749 picto·

412 3795 483 3838 rum
498 3775 620 3852 lectae,
643 3777 699 3858 (ut
720 3777 835 3840 multae
858 3775 1040 3840 huiusmodi
1062 3780 1197 3841 heroum
1218 3780 1258 3840 ad
1274 3777 1409 3842 Troiam
1433 3777 1534 3861 impe-

411 3898 620 3974 ratorumque
662 3889 884 3952 Romanorum
925 3901 997 3952 sunt
1038 3893 1122 3972 apud
1166 3889 1319 3968 loannem
1357 3890 1534 3970 Malalam)

412 3999 585 4083 Stephani,
628 4001 825 4078 sebastiani,
868 3999 1009 4078 Vitalis,
1053 3999 1204 4065 Gerbasii
1230 4001 1332 4085 (sic),
1374 4001 1533 4088 Georgii,-

411 4111 595 4178 Theodori.
641 4113 766 4198 Pagina
792 4087 934 4178 dimidiai

371 4380 373 4388 ,
460 4289 487 4400 l)
503 4326 560 4388 ¹Sic
580 4330 729 4410 scriptum
749 4332 781 4388 in
802 4330 931 4409 Codice,
953 4330 983 4389 id
1005 4343 1065 4419 est,
1087 4329 1266 4411 νικηφόρος.
