3422 5406
349 1049 739 1202 ·0uaic1uu
794 1063 1211 1148 saulceuse

773 1233 822 1278 DE

543 1354 766 1422 sancto
806 1307 1050 1418 annoto.
1132 1386 1134 1395 .

696 1549 883 1562 -κ

293 1743 360 1814 (E'a
381 1743 420 1800 H.
443 1741 556 1800 Canisii
574 1743 720 1812 Antiquae
740 1709 883 1791 Lectionis
900 1736 989 1820 Tamo
1006 1733 1058 1792 VI.
1080 1732 1253 1801 Ingolstadii
1270 1734 1354 1789 1603.

348 1860 379 1911 p·
398 1838 464 1898 458.
486 1846 515 1889 et
534 1834 568 1893 C.
587 1834 624 1892 G.
648 1833 683 1890 F.
703 1831 838 1906 Walchii
860 1833 992 1883 Historia
1015 1831 1239 1882 canonisatio'nis
1261 1827 1358 1880 Caroli

351 1935 468 2002 Magni.
507 1925 591 1984 lenae
611 1935 696 1988 1750.
714 1946 744 1998 p.
764 1934 828 1984 101.
850 1931 944 1997 seqq.)

589 2060 624 2118 Iu
646 2060 755 2116 virtute
775 2067 843 2125 tua,
872 2055 1018 2124 Domine,

757 2152 839 2222 Resp.
964 2217 966 2224 Α

599 2267 601 2271 ’
649 2266 757 2324 magna
777 2255 823 2300 est
843 2244 949 2320 gloria.
1036 2287 1038 2294 .

748 2341 861 2393 Oratio.

298 2447 397 2516 Deus,
426 2445 478 2522 qui
504 2435 763 2517 superabundanti
784 2431 966 2491 fecunditate
986 2429 1131 2489 bonitatis
1150 2439 1219 2486 tuae
1239 2425 1360 2484 beatum

242 2542 388 2622 Karolum
405 2555 561 2616 maguum,
582 2531 799 2606 Imperatorem
818 2537 849 2583 et
867 2526 1080 2585 confessorem
1101 2534 1200 2591 tuum,
1222 2523 1360 2597 deposito

225 2653 229 2700 J
244 2638 344 2694 carnis
367 2635 514 2692 velamine
533 2627 639 2688 beatae
658 2621 890 2681 immortalitatis
904 2617 1008 2676 trabea
1022 2618 1208 2675 sublimasti:
1229 2616 1361 2673 concede

243 2721 330 2788 uobis
350 2724 537 2804 supplicibus
556 2722 634 2789 tuis,
656 2729 705 2786 ut,
727 2734 814 2794 quem
838 2713 874 2770 ad
896 2714 1015 2771 laudem
1035 2714 1166 2769 nominis
1183 2714 1227 2768 tui
1245 2714 1361 2768 honore

243 2825 364 2900 impelii
391 2820 528 2878 exaltasti
552 2819 583 2873 in
606 2815 715 2880 tertia,
747 2811 831 2886 pium
863 2827 898 2865 ac
932 2809 1097 2884 propitium
1129 2809 1362 2865 intercessorem
1428 2789 1432 2799 ¹

244 2917 356 2978 haheie
375 2931 545 2972 mereamur
567 2912 600 2967 in
619 2906 723 2965 coelis.

618 3005 712 3057 Lectio
728 2999 795 3051 libri
815 2999 989 3068 Sapientiae.

299 3105 411 3162 Beatus
433 3102 499 3171 vir,
521 3099 572 3176 qui
592 3099 624 3154 in
643 3095 789 3170 sapientia
809 3087 989 3147 morabitur.

747 3186 856 3241 Grada.
952 3206 955 3211 ·

303 3285 447 3358 Domine,
470 3285 664 3364 praevenisti.

761 3375 842 3448 Resp.

306 3479 407 3538 Vitam
427 3477 524 3552 petiit.

740 3562 874 3616 Alleluia.

306 3665 454 3732 Domine,
478 3663 512 3720 in
531 3661 654 3717 virtute.
890 3657 914 3700 -'

516 3757 565 3826 (Si
581 3751 664 3821 infra
681 3751 791 3815 LXX„
807 3766 882 3822 pone
899 3765 1016 3821 sequens
1036 3747 1116 3819 Κεφ.

308 3851 419 3912 Beatus
442 3850 506 3919 vir,
529 3850 580 3926 qui
598 3849 683 3905 timet
703 3843 881 3914 dominum.)
1140 3846 1144 3851 “

711 3995 712 4006 ,
780 3939 834 3993 Vs.

309 4039 423 4098 Potens
444 4039 475 4095 iu
495 4047 588 4095 terra.

265 4196 268 4206 Ι
770 4125 853 4198 lietp-

311 4227 416 4287 Gloria
438 4237 468 4286 et
489 4225 622 4286 divitiae.

629 4401 633 4412 1
676 4411 954 4426 μ
